3148 5102
644 446 749 499 LIBER
760 447 779 500 1.

191 611 241 674 23.
278 608 312 674 Si
334 607 391 673 tibi
412 625 468 689 pro
491 605 610 672 meritis
632 623 723 671 nemo
745 605 914 686 respondet
935 604 1063 680 amicus,

278 711 427 784 Incnsere
448 711 549 776 Deum
571 709 643 789 noli,
667 709 722 776 sed
744 691 776 775 te
798 709 866 791 ipse
888 727 1005 775 coerce.

191 819 241 880 24.
275 815 323 880 Nc
345 814 403 881 tibi
425 814 500 896 quid
523 815 613 894 desit,
636 815 787 896 quaesitis
809 817 899 880 utere
920 829 1030 896 perce:

274 919 388 1001 thue‚
410 918 495 1001 quod
518 923 575 999 est,
598 905 713 997 serves,
736 937 861 1000 semper
879 917 938 983 tibi
960 916 1069 982 deesse
1091 917 1210 998 putato.

190 1027 242 1087 25.
276 1021 366 1100 Quod
388 1025 550 1104 praestare
571 1025 670 1104 potes,
693 1040 733 1086 ne
754 1021 802 1086 bis
824 1019 1002 1102 promiseris
1026 1019 1094 1084 ulli:

273 1125 321 1191 Ne
343 1125 385 1190 sis
407 1129 565 1206 ventosne,
588 1124 662 1191 dum
685 1125 731 1190 vis
753 1119 853 1190 bonus
875 1124 942 1206 ipsc
965 1122 1074 1188 videri.

164 1265 225 1314 rrius
253 1269 318 1314 errnt
347 1259 523 1330 ταυτολογιάν
551 1262 670 1313 clemens.
705 1250 745 1312 Ad
770 1261 847 1328 verbe
870 1259 936 1311 vitoe
961 1267 999 1310 eet
1024 1258 1115 1310 ultimo
1135 1259 1196 1322 pinis
1222 1261 1288 1312 coni·

162 1349 227 1400 Hor.
244 1348 273 1398 lo.
291 1349 313 1413 I,
332 1349 373 1409 16,
392 1339 524 1403 Vili⁸more
540 1348 634 1399 ultima
651 1347 722 1398 linea
739 1363 834 1398 rerum.
876 1344 949 1396 Vitae
971 1344 1062 1396 ultima
1077 1343 1144 1406 finis
1162 1353 1187 1397 et
1203 1352 1288 1398 nostro

162 1435 222 1487 loco
238 1442 276 1488 est
292 1453 359 1486 mors
377 1433 529 1502 (Plnnndes:
549 1429 592 1502 Μὴ
611 1432 727 1500 τρομέεν
743 1431 876 1497 θάνατον)
893 1448 944 1482 nou
962 1449 1086 1482 summum
1104 1431 1168 1482 ritae
1185 1431 1202 1484 i.
1220 1432 1288 1498 qnod

161 1521 233 1573 vivit.
267 1521 397 1576 Planudes
415 1529 439 1572 et
458 1521 580 1588 Scaliger:
602 1519 698 1588 πέρας.
732 1518 784 1570 Ant
807 1518 897 1569 dicitnr
911 1515 979 1578 fluis
1000 1517 1079 1580 virae,
1102 1525 1130 1568 ut
1148 1517 1198 1569 (lic.
1217 1517 1286 1568 Phil.

162 1599 211 1672 Vi,
232 1612 253 1662 l.
289 1609 348 1661 'fec
365 1607 396 1661 A.
417 1608 460 1669 VI,
479 1611 521 1663 40.
558 1607 792 1666 OrosiusVH,19:
811 1605 909 1655 iefinis
927 1603 998 1668 vites,
1017 1602 1209 1654 autumnitas
1227 1603 1285 1654 Vno.
1326 1605 1329 1618 ‘

163 1694 197 1745 A.
216 1691 273 1755 XV,
291 1695 335 1749 63.
371 1695 439 1745 Vsus
457 1679 570 1746 feminini
586 1693 685 1761 generis
703 1700 741 1744 cst
758 1692 848 1752 rarior,
873 1691 958 1756 ibique
978 1697 1022 1740 out
1039 1688 1174 1739 terminum
1190 1687 1286 1756 (glossa

163 1779 192 1830 in
209 1777 231 1830 B
249 1779 381 1845 terminus)
399 1781 530 1846 significet,
548 1787 576 1831 nt
593 1789 678 1832 nostro
698 1779 811 1840 disticho,
830 1785 874 1828 out
890 1777 1001 1840 modone,
1019 1782 1059 1827 ut:
1084 1775 1133 1826 dac
1143 1774 1211 1838 fini,
1234 1792 1285 1840 que

152 1863 213 1927 fini
231 1865 296 1917 Gell-
314 1866 335 1927 Ι,
354 1866 379 1927 3,
397 1866 441 1928 ΠΙ,
461 1868 501 1922 20.
538 1865 672 1918 Suetonius
695 1863 788 1917 antem'
803 1863 877 1916 Osee.
902 1865 948 1918 87:
972 1891 1005 1900 -
1028 1877 1107 1928 super
1130 1877 1234 1912 coenem
1252 1888 1284 1900 ·-

162 1951 223 2002 finis
242 1952 306 2002 vitee
323 1951 554 2006 commodissimus:
578 1951 678 2004 termini
700 1952 827 2002 notionem
852 1949 993 2016 concipiens
1013 1947 1081 2000 dixit.
1116 1947 1283 2006 Mesoulinum

163 2055 245 2106 genus
269 2046 294 2089 et
315 2037 440 2104 singulari
463 2045 488 2090 et
508 2039 602 2105 plurali
625 2055 728 2089 numero
748 2037 896 2098 adhibetur,
914 2036 1021 2088 menime
1037 2034 1081 2084 ubi
1098 2033 1217 2085 terminus
1234 2034 1284 2086 loci
1350 2033 1353 2048 ⁴

164 2123 327 2191 significetur,
345 2134 374 2178 ut
382 2124 450 2186 finis
465 2125 611 2193 Campanus
628 2126 679 2178 Liv.
693 2125 737 2190 IX,
752 2129 776 2181 6.
795 2121 1018 2184 ereremumfiuem
1032 2120 1284 2190 provincieeGnlliae

160 2209 216 2262 Iair.
233 2210 337 2276 XXXX,
359 2215 398 2268 16.
415 2228 464 2279 per
481 2219 617 2275 utrumque
626 2213 714 2277 finem.
749 2212 802 2264 Lir.
826 2211 864 2277 11,
889 2213 931 2264 49.
952 2207 1045 2271 amois,
1068 2205 1221 2268 laberefine
1238 2214 1282 2258 tuo

161 2295 235 2348 ovid.
253 2297 285 2352 A.
300 2299 345 2360 111,
361 2301 385 2366 6,
404 2301 455 2354 20.·
468 2307 547 2350 certos
562 2297 644 2360 fiores,
669 2307 737 2350 extra
760 2316 822 2365 qnos
846 2297 931 2365 egredi
954 2313 1005 2347 non
1022 2313 1126 2363 possum
1144 2293 1194 2346 uic.
1213 2294 1281 2352 Oret.

159 2382 183 2442 1,
202 2385 243 2438 49.
262 2391 305 2434 aut
322 2385 365 2436 ubi
384 2385 516 2436 consilium
535 2385 588 2437 sire
605 2386 760 2453 propositum
785 2385 909 2451 quoddam
925 2383 1079 2450 ‘exprimitur
1101 2389 1141 2432 ut:
1169 2382 1202 2432 od
1225 2397 1282 2432 eum

160 2471 246 2523 finem.
280 2471 345 2539 Nep.
362 2473 494 2540 Epium-2.
515 2472 565 2524 Cic.
584 2473 652 2523 Oret.
673 2475 693 2534 l,
710 2475 752 2528 94.
789 2473 847 2522 Tac.
865 2473 896 2521 A.
915 2470 984 2532 XIV,
1004 2471 1044 2524 64.
1062 2468 1184 2532 quemad
1203 2467 1281 2520 finem

158 2557 212 2608 Cic.
230 2557 300 2609 Verr.
319 2559 350 2622 V,
369 2561 410 2612 29.
429 2557 470 2608 tic
488 2566 526 2609 eet
543 2558 600 2608 finis
619 2559 670 2609 Cic.
690 2558 759 2609 Oret.
772 2558 803 2618 ΙΙ,
822 2558 863 2611 34.
883 2571 955 2620 quem
966 2555 1084 2622 sperandi
1097 2553 1153 2614 sibi,
1171 2553 1279 2604 eundem

157 2644 266 2695 et'bene
285 2645 386 2696 dicendi
404 2644 480 2696 finem
499 2652 675 2711 proponerent.
694 2643 744 2695 Cic.
759 2643 787 2696 ’.1.
800 2643 831 2704 ll,
846 2646 869 2703 l,
889 2650 932 2692 ant
949 2642 1023 2692 etiem
1041 2640 1077 2692 rie
1096 2642 1148 2692 sive
1165 2639 1278 2705 facultas,

157 2737 188 2780 ιιι
206 2730 320 2794 Quintil„
338 2731 371 2794 Π,
393 2733 431 2786 15.
449 2731 665 2797 frequentissimus
683 2730 740 2780 finis
758 2729 899 2782 rhetorices.

227 2818 267 2872 23.
294 2817 424 2884 respondit
442 2817 504 2869 Rox.
524 2817 589 2868 0011.
607 2817 682 2868 Voce.
700 2817 756 2868 Vet'.
774 2817 836 2884 neg.
847 2817 925 2867 incid.
943 2815 976 2867 11.
994 2814 1078 2865 Turio.
1098 2813 1153 2864 rell.
1171 2830 1277 2881 respon·

157 2901 209 2954 det.
227 2903 358 2971 respoudit
375 2903 463 2955 tertioe
481 2904 670 2970 coniugationis.
690 2903 753 2954 conf.
773 2902 859 2954 Menil.
878 2903 908 2964 V,
927 2903 985 2958 737.
1016 2900 1122 2952 Martial.
1139 2899 1183 2965 ΠΙ,
1203 2903 1227 2962 4,
1247 2903 1276 2956 7:

154 2988 288 3054 responde,
306 2996 389 3054 poete.
407 2987 542 3054 respondet
560 2988 575 3040 i.
589 2987 651 3038 votis
664 2987 754 3054 optetis
767 2988 886 3049 convenit,
904 3003 976 3038 uerno
993 2987 1113 3038 adiectire
1131 2993 1170 3037 cst
1180 2987 1275 3040 uuum.

154 3073 220 3126 conf.
246 3073 371 3124 Drelseub.
398 3073 430 3124 ed
456 3073 509 3125 Iris.
535 3073 579 3134 ΙΠ,
609 3075 648 3128 13.
694 3073 818 3125 Iucnsnre
845 3074 919 3126 deum
946 3072 1208 3125 RSHYETDVBXM
1232 3072 1285 3140 Pr.

153 3159 261 3213 Membr.
278 3160 336 3212 Bes.
353 3159 433 3227 Neop.
453 3159 521 3214 Ouxt.
540 3160 580 3214 83.
602 3160 665 3210 Ven.
684 3162 724 3214 91.
743 3168 789 3212 etc.
811 3177 930 3212 accusare
948 3159 1018 3213 Cart.
1038 3161 1096 3215 861.
1132 3159 1275 3226 Incedpore

153 3245 223 3298 Plor.
240 3246 386 3298 incusemus
404 3247 420 3296 1.
439 3247 592 3313 superiorem
616 3245 742 3314 arguimus
748 3265 756 3307 3
782 3262 929 3318 nequeamus
953 3245 1094 3298 inferiorem
1118 3246 1158 3298 vel
1179 3263 1274 3314 parem,

153 3337 218 3382 teste
245 3331 330 3384 Servio
358 3332 390 3382 ed
414 3331 490 3400 Verg.
514 3333 545 3383 A.
574 3335 597 3393 l,
624 3334 683 3387 410.
717 3333 834 3384 Incusere
856 3332 931 3384 illunc
953 3333 1047 3384 molum
1071 3333 1213 3401 exemplum
1233 3351 1273 3400 ep.

152 3417 269 3468 Amtren.
294 3425 332 3469 est
348 3425 432 3469 entem
451 3419 490 3470 ed.
513 3418 626 3470 Scriverii
654 3419 729 3473 1648.
754 3426 783 3468 tn
805 3417 858 3484 ipsc
876 3417 963 3470 Leidd.
982 3419 1002 3480 Ι,
1026 3419 1070 3470 ΙΙΙ.
1087 3426 1113 3470 tc
1130 3419 1214 3487 ipsum
1230 3418 1272 3473 Pr.

152 3503 232 3570 Nesp.
251 3501 308 3556 Bne.
329 3504 432 3556 coherce
449 3501 471 3556 B
489 3505 553 3558 Vcn.
572 3507 613 3559 91.
631 3505 696 3571 Aug.
715 3505 789 3555 Vind.

220 3591 261 3644 24.
288 3589 358 3654 quod
380 3590 446 3642 desit
471 3590 506 3645 M.
530 3589 599 3655 quod
623 3589 707 3655 queris
729 3589 816 3641 hortere
840 3589 871 3643 Y.
891 3590 958 3656 quod
982 3590 1066 3658 queris
1091 3590 1137 3642 hoe
1154 3600 1223 3644 utere
1239 3592 1270 3646 E.

151 3677 216 3728 desit
234 3677 302 3744 qnod
319 3677 402 3744 queris
420 3678 456 3743 (1.
473 3694 506 3728 m.
524 3687 640 3743 eupropo.
658 3676 701 3728 nel
719 3675 833 3742 quesitis)
851 3676 875 3726 d.
899 3677 965 3743 qnod
984 3677 1083 3744 queris,
1108 3678 1141 3731 H.
1162 3679 1185 3732 d.
1205 3679 1272 3745 quod

150 3764 234 3830 queris
253 3763 355 3830 quesitis
373 3764 396 3813 T
414 3765 449 3830 (1.
467 3781 500 3815 m.
519 3763 568 3816 del.
593 3763 661 3826 quod
682 3762 785 3832 queris).
820 3763 941 3815 Arntren:
966 3760 1026 3816 ‘Pro
1056 3764 1175 3828 quaesitis
1198 3765 1271 3818 multi

150 3848 222 3904 codd.
233 3836 328 3917 ¹legunt
344 3848 414 3914 quod
432 3848 534 3913 quoeris
554 3848 613 3912 lucc,
636 3857 665 3900 ut
687 3849 744 3901 Vet
766 3849 848 3901 chart.
868 3849 931 3902 0011.
949 3850 1023 3906 Voss.
1042 3851 1098 3905 Vct.
1117 3850 1181 3918 lug.
1199 3851 1270 3906 Leid.

148 3933 181 3987 Π.
209 3941 234 3987 et
252 3935 334 3986 Turio.
370 3935 423 3987 Sed
448 3935 513 3987 conf.
540 3937 572 4000 ΙΙ,
602 3939 646 3990 17;
671 3935 743 3988 Vtere
770 3935 890 4000 ponentis
915 3936 1020 3989 modice.
1055 3937 1101 3998 ΙΙΙ,
1126 3938 1172 3991 21:
1194 3937 1270 3990 Vtere

150 4021 278 4088 quaesitis,
297 4022 342 4074 sed
359 4040 391 4073 nc
409 4021 517 4074 ridearis
534 4023 613 4084 obuti,
632 4031 656 4074 et
674 4023 718 4084 IV,
739 4025 783 4078 16:
802 4023 878 4076 Vtere
896 4023 1014 4089 qneesitis
1032 4023 1129 4090 opibus.
1165 4022 1226 4078 Hor.
1241 4023 1268 4080 S.

147 4109 168 4173 Ι,
187 4111 211 4173 1,
229 4109 274 4164 37:
302 4116 327 4160 et
343 4109 396 4161 illis
413 4109 491 4160 utitur
508 4117 581 4172 ente,
608 4109 732 4172 Quaesitis
760 4111 867 4176 sepiens.
896 4117 931 4160 est
954 4126 1003 4161 cm.
1028 4109 1093 4160 Ooll.
1114 4109 1187 4163 Voss.
1211 4111 1267 4163 Vct.

148 4193 234 4248 chart.
270 4195 355 4263 quue
372 4195 442 4262 quod
459 4204 494 4246 esc
511 4196 616 4248 Membr.
629 4197 671 4246 Pr.
683 4195 764 4263 Nenp.
777 4197 837 4249 Bes.
849 4195 913 4264 qnid
929 4203 968 4248 est
985 4196 1053 4248 Flor.
1071 4213 1143 4248 servo
1161 4197 1266 4250 Membr.

148 4290 174 4334 et
190 4299 272 4336 serres
288 4283 353 4336 Vox.
372 4281 440 4334 (lert
458 4283 500 4340 83.
519 4266 606 4335 deesse
624 4283 774 4335 conuehitnr
790 4290 819 4334 ut
835 4282 861 4333 in
878 4281 1003 4344 Juv.vl1‚
1023 4284 1063 4338 69.
1081 4282 1157 4350 Prop.
1169 4283 1215 4348 IV,
1233 4284 1265 4339 33

146 4375 193 4422 cte
211 4367 258 4420 citi
274 4386 323 4424 cm.
342 4367 432 4422 Mch.
446 4367 487 4420 Pr.
507 4369 567 4422 Bos.
585 4371 665 4438 Neep.

215 4455 257 4510 25.
280 4455 320 4508 Ne
338 4455 373 4508 sis
386 4453 506 4508 -cerboees
523 4454 602 4524 Neep.
621 4455 680 4510 Bes.
704 4456 764 4510 dnm
787 4457 825 4509 ris
849 4453 964 4508 urbanus
987 4455 1077 4509 deberi
1090 4455 1203 4524 ‘quidem
1221 4475 1263 4510 cc-
