3170 5090
571 1107 704 1200 cissa
730 1107 970 1202 sicimis.

651 1277 805 1363 (Disticha
827 1281 891 1374 31).

665 1469 764 1510 Telluris
778 1469 798 1509 si
811 1469 868 1510 forte
877 1470 936 1510 veile
950 1479 1083 1520 cognoscere
1097 1471 1176 1522 cultae,

668 1539 779 1590 Vcrottiam
791 1539 869 1588 legito.
895 1538 977 1588 Quodsi
990 1549 1055 1590 mage
1067 1551 1134 1590 posse
1146 1542 1234 1584 labores

663 1607 789 1648 Herbarum
801 1608 870 1658 vires,
882 1608 954 1652 Macer
966 1608 1007 1650 hae
1021 1609 1064 1650 tibi
1078 1612 1175 1653 carmine
1188 1611 1255 1653 ercet.

274 1702 432 1780 dxrmcir
458 1726 561 1779 amaa
578 1729 598 1778 1.
634 1727 760 1779 morem
787 1725 889 1780 niens
909 1729 941 1780 11.
978 1729 1007 1780 r.
1042 1729 1202 1784 nxrmcm
1228 1732 1328 1786 niara

206 1811 343 1868 PRIMVS.
372 1813 471 1866 INCIP.
489 1813 551 1867 LIB.
571 1813 749 1866 SECVNDVS
768 1813 794 1868 S.
825 1813 951 1866 INCIPIT
969 1813 1069 1868 LIBER
1082 1815 1259 1870 SECVNDVS
1272 1820 1327 1872 HE.

208 1901 326 1954 Secunda
344 1901 479 1954 metricalis
497 1919 555 1970 pare
573 1899 666 1968 Incipit
682 1901 795 1953 feliciter.
815 1901 862 1952 Ed.
879 1891 928 1954 Prs

190 2003 197 2013 ·
276 1987 310 2040 Hi
326 1969 441 2040 undecim
453 2006 549 2051 versus,
567 1987 641 2040 sicuti
659 2005 702 2039 sex
719 1987 758 2038 illi
777 1995 836 2040 ente
848 1987 959 2041 Perthm
971 1989 1073 2041 Librum
1091 1997 1117 2042 et
1134 1998 1252 2058 quattuor
1268 1999 1328 2044 ante

208 2075 331 2137 Quartum
348 2074 424 2142 positi
447 2077 473 2126 in
497 2075 612 2128 omnibus
631 2074 765 2126 Codicibue
791 2083 867 2141 atque
890 2075 917 2126 in
938 2075 1013 2143 longe
1037 2076 1151 2142 plurimis
1168 2077 1327 2130 Editionibus

210 2159 357 2227 (Seriverius
381 2178 424 2212 eos
448 2161 494 2214 toti
517 2160 639 2228 opusculo
663 2178 719 2212 cum
742 2159 903 2228 inscriptione
921 2161 967 2211 AD
985 2161 1173 2214 LECTOREM
1190 2164 1326 2230 praemisit)

208 2247 363 2299 venerandae
382 2247 483 2314 quidem
501 2247 648 2300 aestimandi
667 2248 885 2309 contraluctaris,
910 2245 1006 2314 indigni
1028 2255 1112 2346 tanpen
1130 2249 1224 2300 (letone
1242 2259 1327 2302 nostro

209 2339 236 2384 et
252 2341 355 2400 propter
372 2335 457 2401 inepta
475 2341 550 2402 atque
566 2335 664 2386 insulsa
680 2317 797 2396 coniitia,
821 2350 885 2400 quoe
908 2351 989 2400 neque
1013 2341 1091 2400 patrie
1115 2335 1228 2387 instituto
1247 2353 1328 2402 neque

209 2419 256 2470 filii
273 2419 384 2472 moribus
403 2419 588 2487 conveniunt*),
606 2427 631 2472 et
647 2428 748 2486 propter
766 2419 866 2486 putidas
884 2417 1090 2484 repetitioneslfl
1109 2427 1134 2472 et
1150 2429 1253 2487 propter
1270 2439 1326 2474 ora-

210 2506 314 2574 tionem,
334 2523 407 2573 quae,
425 2513 454 2558 ut
471 2505 664 2574 Canncgietcrus
681 2507 697 2560 l.
716 2505 734 2556 l.
753 2521 805 2572 cap.
825 2505 858 2560 28
875 2503 972 2572 prolixe
989 2505 1151 2568 monstravit,
1166 2523 1247 2574 neque
1265 2523 1328 2574 pura

209 2609 291 2660 neque
317 2592 424 2644 honesta
449 2600 495 2646 eet.
530 2593 620 2660 Itaque
646 2593 695 2643 hee
713 2589 894 2656 Praefatiooee
920 2608 976 2642 cam
1000 2609 1081 2658 neque
1107 2593 1139 2644 ad
1162 2610 1216 2644 rem
1238 2592 1329 2646 faciant

209 2696 291 2747 neque
320 2678 353 2730 ad
382 2697 464 2731 mores
500 2678 547 2730 filii
578 2677 782 2739 conformandos,
817 2693 900 2745 neque
934 2685 985 2729 tam
1020 2679 1097 2730 libros
1132 2677 1246 2746 singulos
1283 2681 1329 2732 eod

208 2774 289 2818 totum
317 2765 473 2832 Opueculum
497 2774 660 2827 concernent,
687 2782 770 2816 nona
797 2763 908 2826 Catone,
944 2765 989 2832 qui
1017 2781 1067 2815 una
1099 2763 1251 2831 praefatione
1283 2765 1328 2818 de·

210 2850 312 2902 functus
329 2852 426 2917 fuisset,
445 2870 488 2904 ees
506 2851 628 2918 profectae
646 2868 703 2902 esse
721 2850 766 2902 eed
780 2845 807 2900 ‘a
823 2849 952 2902 monachis
971 2858 995 2902 et
1018 2849 1122 2902 insulsis
1140 2849 1228 2902 vilium
1246 2851 1339 2904 homi-·
1441 2905 1444 2910 ,
1469 2895 1471 2905 i

209 2954 271 2988 num
288 2937 397 3005 ingeniis
414 2939 554 3004 putandum
572 2949 618 3006 est,
638 2941 688 3006 qui,
707 2948 737 2992 ut
753 2939 946 3007 Cannegicterue
968 2929 1058 3006 pergit,
1081 2938 1255 2993 existimarunt
1272 2959 1328 2994 mu-

208 3023 284 3075 tilum
302 3041 359 3076 esse
377 3040 440 3092 opus
457 3025 491 3076 ad
507 3025 588 3078 filium
606 3025 734 3092 scriptum,
753 3025 820 3092 quod
837 3025 991 3092 praefatione
1005 3023 1113 3078 careret’.

277 3127 303 3194 f)
322 3127 448 3182 Borhorn.
467 3129 493 3180 in
511 3131 615 3182 Dissert.
627 3145 653 3196 p.
665 3130 730 3184 361:
745 3125 818 3194 ‘Cam
826 3129 1004 3197 Georgicorum
1022 3127 1129 3196 Virgilii,
1148 3129 1329 3198 Botenologiae

209 3195 296 3258 Macri,
314 3197 476 3250 Pharsalidoe
494 3199 691 3266 Lucaniamque
708 3199 829 3249 Amorum
847 3197 997 3255 mentionem
1015 3197 1074 3248 facit
1087 3196 1207 3258 Nasonis,
1226 3199 1269 3264 qui
1287 3197 1328 3249 Pr.

207 3266 240 3326 ll,
258 3267 309 3320 213
333 3267 388 3332 ipse
415 3267 446 3318 de
470 3284 498 3319 se
520 3268 617 3320 scribit:
641 3268 749 3333 Arpaor
772 3265 886 3318 obscoeni
901 3265 998 3317 Doctor
1019 3265 1150 3330 adulterii,
1174 3267 1206 3318 de
1223 3267 1329 3319 cordatis

208 3335 272 3388 vitae
289 3353 435 3403 morumque
453 3337 593 3403 praeceptis
611 3333 735 3388 aoturuel‘
1140 3335 1142 3340 ’

276 3421 320 3485 “l
339 3421 463 3474 Boxhom.
481 3423 588 3475 ibidem:
611 3419 664 3474 ‘Aa
689 3440 739 3474 non
757 3421 873 3488 putidum
896 3427 949 3482 eet,
973 3437 1045 3472 versu
1065 3420 1263 3488 antepenultimo
1289 3421 1328 3472 le-

207 3508 279 3558 gere:
294 3488 343 3541 ‘Ut
359 3491 460 3556 sapiens
478 3492 556 3556 mooe,
575 3492 639 3543 audi
657 3507 722 3556 quae
740 3491 838 3542 discere
854 3489 943 3554 porcia,
962 3497 988 3540 et
1005 3489 1096 3542 ultimo
1113 3507 1186 3542 versa
1203 3490 1270 3542 idem
1288 3508 1328 3542 re·

208 3567 306 3628 petere:
325 3560 397 3628 Erpa
416 3561 485 3626 odes,
503 3569 526 3613 et
544 3577 609 3626 quac
625 3560 658 3612 ait
675 3560 812 3626 sapientia,
830 3557 898 3610 disce
915 3555 1049 3626 dependoi'

277 3701 300 3754 l·
335 3699 429 3752 cultum
437 3699 479 3752 Pr.
497 3699 552 3752 rell.
572 3699 661 3752 cultus.
680 3698 779 3750 telluris
797 3697 878 3750 cultae
895 3695 911 3748 i.
929 3695 1066 3764 agricultus
1085 3695 1137 3748 Oic.
1155 3695 1215 3764 Agr.
1235 3695 1268 3760 11,
1288 3697 1328 3752 25.

207 3783 259 3837 Lis.
277 3784 322 3848 IV,
341 3787 382 3840 12.
406 3786 459 3853 egri
482 3785 583 3838 cultura
602 3785 652 3837 (lic.
672 3784 721 3838 Off.
741 3787 761 3846 l,
780 3787 820 3839 42.
845 3781 918 3836 Caes.
944 3781 973 3836 B.
992 3783 1023 3834 G.
1042 3781 1086 3844 VI,
1105 3783 1148 3837 22.
1172 3781 1225 3850 egri
1243 3781 1329 3835 cultio.

208 3857 609 3936 mmmmmm

276 3959 300 4013 2.
336 3958 469 4026 Virgilium
487 3975 573 4012 omncs
590 3959 649 4010 libri
666 3959 724 4014 mei.
759 3955 852 4026 Vergil.
871 3956 936 4025 Aug.
951 3955 1026 4008 Vind.
1045 3963 1071 4008 et
1082 3955 1177 4023 Gryph.
1195 3971 1266 4022 maye
1283 3971 1329 4023 pro

206 4045 287 4112 maffia
308 4044 392 4097 Plaut.
414 4045 482 4097 Men.
500 4046 533 4106 ll,-
557 4045 582 4107 3,
607 4048 646 4101 14.
683 4044 752 4096 Asin.
770 4045 791 4106 Ι,
819 4047 841 4106 l,
865 4044 906 4099 51.
942 4043 1014 4094 Pruc.
1032 4032 1103 4104 1,'2,
1121 4042 1162 4099 75.
1181 4041 1226 4105 IV,
1244 4043 1269 4104 4,
1287 4043 1329 4097 34.

207 4131 282 4199 Prop.
309 4131 331 4194 I,
359 4133 400 4186 11.
437 4131 516 4184 Solia.
536 4133 576 4186 22.
604 4132 680 4200 Verg.
697 4131 729 4182 A.
747 4129 780 4193 X,
798 4131 857 4186 481.
892 4129 1001 4183 Phaedr.
1019 4127 1051 4190 V,
1075 4128 1099 4193 3,
1128 4130 1168 4182 ll.
1194 4141 1268 4180 nosce
1293 4126 1329 4184 M.

207 4217 290 4271 Rawl.
306 4219 339 4274 59
358 4225 383 4270 et
400 4221 440 4274 60.
458 4219 500 4270 Pr.
517 4217 576 4270 Bas.
594 4217 673 4284 Neap.
691 4218 790 4270 labores
807 4217 833 4267 K
851 4214 954 4268 Scriver.

275 4306 300 4362 3.
334 4305 382 4358 boc
399 4324 447 4360 cm.
466 4304 704 4359 SYHE'PVXFKM
722 4303 792 4355 (lant.
810 4302 924 4354 Vnivers.
941 4302 1020 4354 Romi.
1037 4299 1080 4356 59.
1100 4301 1162 4356 Rex.
1182 4299 1245 4354 Vox,
1261 4299 1328 4352 Mox.

207 4391 286 4460 Digb.
308 4409 375 4446 omn.
394 4392 468 4446 codd.
486 4391 618 4468 Arntrenii
636 4392 747 4456 (praeter
764 4388 829 4442 coll.
846 4389 921 4442 Voss.
940 4386 1052 4439 etheid.
1070 4386 1127 4450 Ill).
1156 4381 1234 4454 ‘Aug.
1252 4385 1328 4441 Vind.

207 4477 285 4534 Such.
311 4479 405 4533 Auson.
427 4479 510 4530 Paris.
533 4477 606 4530 Fran.
631 4475 735 4529 Ohouet.
760 4471 887 4543 eliasque’.
912 4473 1136 4543 apudllaumium
1158 4488 1183 4542 p.
1202 4475 1236 4530 96
1252 4469 1328 4529 ‘add
