3170 5090
632 433 735 487 amsa
751 435 796 489 1v.

194 591 241 653 12.
278 585 357 654 Oum
379 587 437 655 tibi
458 587 658 671 praevalidae
679 587 797 656 fuerint
818 591 851 656 in
873 609 1004 676 corpore
1026 593 1120 676 vireo,

276 692 340 756 Fac
363 690 484 772 sapias:
507 692 552 758 sio
574 695 611 758 tu
633 692 751 772 poteris
773 693 821 759 vir
843 693 933 760 fortis
955 695 1073 762 haberi.

195 799 243 861 13.
278 793 437 860 Auxilium
458 814 478 860 a
499 795 583 862 notis
605 796 714 876 petito,
737 797 764 862 si
786 795 868 864 forte
889 798 1032 880 laboras;

281 897 349 964 Neo
371 897 540 981 quisquam
559 898 669 965 melior
690 899 839 981 medicae,
861 919 956 983 quam
977 901 1059 969 fidus
1081 905 1209 972 amicus.

167 1103 288 1156 animalia
305 1103 452 1156 meticulosa
469 1111 496 1156 et
511 1103 632 1172 fugientia
650 1105 787 1156 humanum
811 1113 980 1173 conspertum,
998 1113 1026 1160 ut
1042 1109 1152 1177 lepores,
1171 1112 1291 1176 ananias,

168 1209 185 1242 a
203 1191 294 1258 quibus
311 1208 344 1242 ue
362 1189 464 1258 quidem
481 1191 583 1258 puellae
600 1197 627 1242 et
644 1190 717 1257 pueri
727 1199 850 1244 metuunt.
878 1193 949 1246 Vidit
965 1195 1013 1248 hoo
1029 1195 1104 1248 homo
1123 1199 1207 1250 neseio
1226 1201 1293 1268 quis,

169 1275 217 1344 qui'
230 1275 326 1330 Avieno
343 1277 404 1329 rab.
423 1276 504 1340 XVII,
524 1279 555 1333 19
573 1277 622 1330 hoe
639 1278 773 1346 supposuit
791 1279 931 1344 distichon:

372 1415 450 1467 Bruta
466 1414 527 1467 lieet
544 1415 641 1468 soleant
658 1415 777 1468 animalia
794 1417 848 1468 iure
866 1417 956 1482 timeri,

374 1501 498 1554 Omnibus
516 1509 556 1554 est
572 1502 624 1554 illia
642 1502 701 1570 plus
718 1503 869 1555 metuendus
887 1503 971 1558 hamo.

167 1641 257 1696 Bruta
274 1641 341 1694 enim
357 1641 418 1710 legit
435 1659 480 1710 pro
494 1643 594 1694 caucta’
613 1643 730 1696 Arntzen.
744 1643 808 1698 conf.
822 1643 996 1712 Cannegieter.
1015 1663 1070 1714 oap.
1083 1646 1170 1700 XXIV
1190 1663 1215 1714 p.
1231 1650 1295 1704 464:

169 1729 229 1792 ‘Qui
247 1737 333 1780 tamen
351 1745 438 1780 versus
456 1745 508 1780 non
525 1746 575 1780 uno
594 1729 713 1782 modain
732 1729 829 1796 seriptis
845 1729 936 1782 Aviani
947 1729 1029 1787 Libris
1048 1733 1173 1800 leguntur,
1191 1751 1207 1784 a
1224 1734 1292 1788 mul·

168 1815 201 1866 tis
219 1814 294 1866 etiam
311 1814 553 1883 praetermittuntur;
582 1815 650 1884 quod
676 1815 775 1883 signum
803 1823 841 1866 est
866 1815 962 1868 fraudis
989 1819 1077 1872 laetae.
1113 1819 1195 1872 Aliter
1221 1821 1295 1872 eliam

168 1901 237 1968 apud
255 1900 375 1952 Catonem
392 1900 455 1968 legit
471 1900 507 1951 Μ.
526 1901 645 1952 Aurelius
665 1900 800 1952 Severinus
825 1901 856 1957 de
881 1903 981 1968 viperae
998 1921 1094 1958 veneno
1112 1914 1137 1958 et
1154 1907 1292 1973 medicina,

169 1988 237 2055 quod
260 2005 301 2040 me
325 1987 410 2040 doouit
431 1987 566 2040 Reinesius
590 1989 617 2040 in
640 1988 720 2055 Epist.
745 1987 822 2052 CXX.
845 1989 879 2040 ad
895 1989 1039 2044 Daumium.
1075 1992 1123 2044 Ille
1141 2000 1224 2046 autem
1242 1994 1294 2046 hoo

168 2075 243 2127 modo
262 2074 396 2126 Distiehon
413 2073 520 2141 profert:

372 2212 437 2264 Oum
453 2213 501 2265 tibi
517 2229 643 2282 proponas
662 2213 807 2264 animantia
825 2221 912 2266 ouneta
929 2213 1051 2279 timendo,
1314 2178 1353 2258 t

381 2297 463 2350 Varum
479 2298 602 2352 homiaem
621 2299 667 2350 tibi
681 2316 811 2365 proponas
827 2301 887 2366 plue
904 2315 955 2352 erae
972 2300 1118 2354 timendam.

169 2439 224 2492 Imo
244 2441 267 2492 si
285 2455 342 2492 meo
360 2439 461 2491 arbitrio
479 2456 519 2492 res
537 2445 635 2508 agatur,
653 2439 763 2490 eundem
780 2439 847 2490 hune
858 2455 960 2491 versum
976 2439 1009 2492 ab
1027 2441 1075 2493 huo
1086 2442 1206 2510 Dionysii
1218 2442 1296 2496 Libro

169 2527 342 2590 excluderem,
361 2525 404 2593 qui
422 2526 462 2578 vix
479 2543 596 2588 sensum,
620 2525 714 2578 nedum
732 2524 873 2592 elegantiae
895 2525 1032 2592 quidquam
1050 2527 1172 2594 praefert,
1197 2527 1228 2581 de
1246 2547 1296 2596 qua

169 2631 196 2665 re
214 2613 317 2665 memini
334 2629 376 2664 me
402 2613 435 2663 ad
457 2612 621 2664 Amtzeniurn
648 2627 732 2663 meum
758 2611 877 2664 seribere.
913 2611 997 2675 Quid?
1033 2612 1106 2665 Anne
1123 2611 1220 2666 Auutor
1236 2614 1294 2666 Mo·

168 2699 349 2762 noetianorum,
367 2715 443 2766 quam
459 2698 533 2750 multi
551 2697 736 2750 columbanum
752 2703 852 2763 putant,
871 2697 915 2748 alii
934 2715 994 2750 uero
1012 2698 1157 2763 Alouiuum,
1174 2701 1294 2753 nonnulli

170 2793 195 2836 et
211 2785 297 2847 alium,
315 2785 427 2853 integros
444 2801 541 2846 versus,
559 2783 681 2850 Dionysio
699 2781 836 2846 sublectos,
854 2784 881 2834 in
898 2783 973 2835 illum
985 2801 1061 2835 suum
1078 2785 1195 2837 libellum
1212 2794 1296 2840 mans-

169 2872 255 2924 tulit'l'
282 2877 370 2923 eunota
395 2871 484 2922 timore
510 2869 576 2925 Ooll.
602 2869 676 2921 Voss.
719 2869 804 2921 Vnum
826 2870 959 2936 praecipio
985 2871 1030 2922 tibi
1056 2871 1115 2940 plus
1142 2873 1209 2926 hom.
1237 2892 1258 2926 o.
1277 2883 1297 2929 t.

168 2956 287 3010 RYHEV
305 2955 392 3024 (praa)
410 2955 438 3007 M
455 2956 561 3008 Membr.
578 2956 638 3010 Bas.
649 2955 729 3024 Neap.
747 2956 838 3010 Deum.
851 2955 969 3008 Arntaen.
997 2957 1082 3009 Vnum
1097 2959 1211 3024 precepto
1228 2960 1296 3015 hom.

169 3045 227 3112 plus
246 3061 268 3098 e.
286 3051 304 3096 t.
325 3061 374 3096 om.
392 3043 446 3104 tibi,
464 3041 562 3094 BDKX
578 3043 650 3096 Laid.
667 3045 710 3098 III.
728 3043 804 3095 Boill.
834 3042 920 3095 Vnum
935 3044 1062 3112 praecipio
1080 3043 1138 3110 plus
1156 3045 1223 3097 hom.
1236 3062 1259 3100 e.
1274 3054 1295 3100 t.

171 3131 201 3181 Τ.
219 3131 304 3182 Vnum
321 3129 449 3182 hominem
467 3129 513 3182 tibi
525 3129 662 3196 praecipio
680 3131 716 3198 pl.
734 3149 757 3182 e.
775 3139 792 3186 t.
812 3132 878 3198 Aug.
896 3132 971 3187 Vind.
990 3131 1087 3183 Erasm.
1106 3132 1202 3200 Gryph.
1221 3132 1296 3184 Cord.

170 3217 242 3268 Grae.
260 3217 336 3272 1658.
373 3215 457 3268 Vnum
481 3217 622 3284 praecipue
648 3217 714 3270 hom.
738 3217 773 3284 pl.
798 3235 820 3270 e.
837 3225 854 3268 t.
874 3217 979 3271 Seriver.
998 3217 1108 3281 κέλομαι
1125 3217 1253 3270 Plauudes
1271 3226 1297 3272 et

171 3301 291 3370 Soaliger.

240 3389 280 3443 12.
302 3387 470 3454 praevalidae
487 3387 553 3440 eirea
570 3388 658 3441 Manil.
677 3390 708 3452 V,
727 3393 768 3446 74.
798 3389 848 3442 l'ao
864 3407 917 3457 sap.
935 3389 1000 3442 aaut
1018 3390 1062 3454 IV,
1082 3392 1123 3446 17.
1140 3391 1174 3454 11,
1192 3393 1217 3446 9.
1246 3390 1298 3443 Fae

170 3476 253 3544 sapias
272 3475 357 3526 auiam
373 3475 397 3525 a·
414 3481 441 3526 tn
459 3474 528 3528 Cart.
546 3475 588 3530 83.
623 3475 676 3528 rao
698 3477 781 3543 sapias
807 3475 889 3526 aalma
911 3476 1006 3544 poteris
1030 3475 1067 3528 sio
1089 3476 1107 3527 f.
1125 3477 1151 3528 h.
1176 3477 1293 3529 Tremon.

169 3562 221 3615 Fae
239 3577 294 3628 sap.
311 3563 395 3612 auimo
413 3568 439 3612 et
457 3559 607 3627 poteria.vir
623 3561 640 3612 f.
659 3562 686 3613 h.
703 3562 771 3616 Flor.
808 3562 858 3614 Fau
875 3562 959 3630 sapiae
982 3561 1065 3614 animo
1083 3563 1177 3630 poteris
1195 3579 1217 3615 v.
1235 3563 1253 3615 f.
1270 3563 1296 3614 h.

170 3651 195 3703 V
211 3651 252 3702 Pr.
270 3649 326 3702 Ital.
362 3649 414 3700 Fae
431 3647 526 3715 sapias
551 3647 634 3699 animo
661 3648 693 3700 V.
719 3667 750 3700 ex
776 3649 820 3710 IV,
840 3651 880 3704 17.
915 3649 965 3700 Fae
988 3657 1017 3700 at
1033 3649 1123 3716 'sapias
1141 3649 1164 3700 si
1180 3649 1210 3700 Ε.
1246 3651 1298 3701 Fae

171 3737 255 3805 sapias
272 3735 357 3786 auimo
374 3733 411 3786 aia
427 3741 480 3800 pot.
498 3732 557 3788 Bas.
571 3733 651 3802 Neap.
671 3735 694 3786 ri
710 3742 738 3787 tu
751 3735 821 3804 TDR
840 3739 940 3801 (rasura
950 3735 1018 3802 silli)
1034 3735 1139 3788 Membr.
1158 3735 1180 3784 ai
1193 3735 1296 3802 poteria,

170 3839 220 3874 om.
237 3830 273 3887 tu,
291 3821 315 3873 Y
332 3821 396 3874 Van.
416 3821 457 3874 91.
490 3820 1096 3890 1111111...αηῑωοροι,ν.1.1.νοιι.93.
1131 3821 1182 3874 Fao
1199 3822 1295 3888 sapiae:

170 3908 209 3961 sio
225 3916 253 3960 tu
271 3908 364 3976 poteris
381 3925 405 3960 r.
422 3906 440 3958 f.
458 3907 484 3960 h.
503 3907 594 3960 Deum.
614 3907 719 3960 Seriver.
739 3906 856 3962 Arntaen.

241 3995 282 4050 13.
308 3995 435 4062 ‘Corporis
453 3995 553 4046 morbos
571 3995 642 4062 operi
659 3994 771 4047 Medico:
796 3996 874 4047 animi
897 3997 998 4048 morbos
1021 3995 1092 4064 operi
1115 3995 1186 4048 fideli
1204 3996 1294 4048 amieo.

171 4081 219 4134 Ille
236 4081 377 4150 pharmacis
404 4088 489 4143 sanat,
517 4081 560 4132 hio
585 4081 675 4133 verbis.
710 4081 799 4133 Aliter.
836 4082 864 4134 si
881 4082 942 4148 quid
960 4083 1041 4134 morbi
1064 4081 1192 4144 inciderit,
1216 4083 1296 4152 magis

171 4169 280 4220 amioum
297 4183 404 4230 arcesse,
429 4185 504 4234 quam
521 4166 656 4220 Medicum.
693 4167 821 4222 Erasmus.
849 4168 872 4218 si
897 4171 914 4223 f.
942 4168 1041 4221 labores
1069 4168 1123 4220 ΤΗ.
1149 4169 1248 4222 labores
1265 4170 1296 4223 Y.

171 4255 273 4306 labarae
289 4253 313 4305 R
330 4254 366 4320 (1.
389 4272 422 4306 m.
447 4261 509 4306 mut.
527 4271 544 4304 o
567 4255 593 4306 in
610 4253 651 4320 aa).
674 4253 775 4306 labores
802 4253 872 4308 Laid.
892 4255 912 4309 1.
939 4253 1004 4307 0011.
1022 4253 1097 4308 Voss.
1124 4253 1206 4306 Turio.
1228 4255 1296 4306 uelis

174 4347 334 4408 opponuntur
350 4338 534 4408 περιοδεύται,
552 4339 723 4404 circulatorem
741 4341 785 4408 qui
802 4349 922 4408 quaestus
940 4358 1017 4394 oauaa
1034 4342 1109 4394 urbes
1121 4348 1146 4394 et
1160 4341 1227 4394 riom
1245 4343 1295 4394 oir-

172 4426 306 4478 eumibant.
343 4425 450 4480 Phaedr.
468 4427 529 4480 rab.
547 4427 568 4490 1,
590 4429 629 4483 14.
648 4429 715 4481 eoas.
735 4443 812 4498 supra
828 4427 860 4491 11,
879 4428 926 4484 22:

253 4605 272 4634 S
