3170 5090
677 433 779 486 IdRRR
795 435 828 487 Il.

223 589 271 650 19.
305 585 476 652 Luxuriam
498 585 613 669 fugiter
642 587 735 654 simul
757 593 789 655 et
811 589 911 656 vitare
932 599 1088 658 memento

306 687 431 758 Crimen
453 690 708 771 neminemnam
731 697 806 760 sunt
828 693 984 761 contraria'
1006 695 1117 762 famae.

221 796 270 856 20.
304 789 380 858 Noli
401 795 437 858 tu
459 792 613 876 quaedam
634 793 784 860 referenti
805 796 934 863 credere
956 817 1095 881 semper:

304 896 428 979 Exigue
448 896 498 962 his
520 897 687 964 tribuenda
708 897 796 980 fides,
820 900 875 982 qui
897 901 997 966 mulla
1021 903 1202 986 loquuntur.

220 1007 270 1067 21.
304 1001 392 1079 Quae
414 1005 491 1082 potu
513 1019 634 1084 peccas
656 1002 818 1085 ignoscere
840 1010 876 1070 tu
898 1005 956 1070 tibi
977 1006 1056 1086 noli;

304 1105 386 1170 Num
408 1107 524 1172 crimen
545 1107 667 1174 nullum
688 1108 753 1173 vini
775 1112 833 1190 est,
856 1111 912 1175 sed
934 1111 1027 1192 culpa
1049 1113 1191 1180 bibentis.

220 1213 270 1274 22.
305 1209 475 1276 Consilium
497 1230 646 1278 arcanum
667 1213 763 1278 tucito
787 1214 936 1280 committe
958 1215 1074 1280 sodali:
1218 1219 1221 1225 “

304 1313 451 1398 Corporis
474 1317 623 1382 auxilium
645 1316 766 1383 medico
789 1318 938 1384 conmitte
959 1317 1053 1386 fideli.

195 1538 340 1591 Amlzenio.
364 1538 426 1591 dum
448 1547 547 1607 tempus
566 1539 634 1592 (1611.
653 1541 694 1595 83.
729 1541 771 1592 Ad
794 1542 871 1593 verbe
888 1541 950 1592 dum
967 1549 1068 1607 ternpus
1090 1544 1202 1610 postulat
1220 1552 1265 1594 auf
1282 1540 1342 1595 res'

195 1643 218 1678 v.
237 1643 313 1692 supra
331 1625 388 1678 dist.
407 1626 432 1682 5.
451 1627 505 1677 loco
522 1625 650 1694 Planudss
669 1643 728 1678 που.
768 1627 893 1694 Scaliger:
917 1625 1083 1697 Ἀφροσύνης
1104 1628 1244 1697 ἐπίκαιρος
1263 1628 1322 1680 ὑπό-

195 1727 293 1779 κρισις.
331 1711 441 1762 Zuberus
459 1712 540 1764 mele:
559 1710 641 1781 τόπῳ,
659 1711 689 1762 in
705 1713 767 1766 loco.
803 1714 864 1766 Hor.
889 1713 917 1764 0.
935 1713 980 1776 IV,
1010 1717 1050 1776 12,
1074 1715 1116 1770 28.
1138 1731 1237 1766 summu
1256 1732 1322 1781 pru-

196 1796 286 1847 dentio
303 1804 339 1848 cet
355 1797 425 1848 Leid.
444 1797 488 1850 III.

266 1893 307 1948 19.
325 1892 400 1944 simul
419 1893 508 1944 evitare
526 1891 590 1946 0011.
608 1893 682 1944 Voss.
701 1876 809 1945 Luxdriu
835 1894 867 1944 R.
891 1894 926 1961 (2.
951 1912 984 1946 m.
1008 1895 1093 1961 corn).
1108 1892 1233 1964 ‘pugnent
1256 1897 1320 1948 inter

196 1995 225 2030 se
243 1977 328 2029 Luxus
347 1989 372 2030 61
389 1977 514 2030 Avaritia:
536 1997 594 2030 nem
612 1979 718 2030 alterum
741 1986 781 2030 est
800 1979 908 2046 profusi,
927 1980 1033 2032 alterurn
1055 1981 1163 2032 sordidi:
1187 1991 1322 2050 utrumque

194 2066 282 2118 uitium
299 2065 369 2116 iuxta
385 2064 532 2132 fugiendum
550 2073 595 2130 est,
613 2074 699 2133 utpote
718 2065 785 2132 quod
803 2065 904 2116 foedum
932 2067 1012 2134 pariat
1029 2067 1128 2119 famam.
1165 2067 1193 2120 Si
1219 2069 1322 2136 quidem

194 2145 239 2220 qui
256 2151 359 2203 nimium
377 2151 446 2220 perci
464 2160 529 2214 sunt,
548 2153 653 2204 audiunt
669 2151 876 2221 κομινοπρίςται
894 2153 910 2204 i.
923 2171 947 2206 e.
961 2155 1054 2206 cumini
1072 2162 1190 2218 sectores,
1209 2163 1235 2207 et
1253 2157 1322 2206 σῦκα

194 2237 719 2308 μέριζε1.6.6666(1111ᾶ66111111166116.
756 2242 806 2304 Qui
823 2241 884 2294 luxu
907 2259 953 2292 sua
975 2242 1138 2308 profundunt,
1165 2249 1270 2309 nepotes
1296 2252 1322 2294 et

195 2324 311 2377 lurcones
328 2323 505 2392 appellantur’.
541 2327 669 2380 Erasmus.
688 2327 751 2378 fenne
770 2327 852 2378 Turio.
872 2325 941 2380 (1611.
959 2327 1001 2382 83.
1023 2327 1071 2378 nite
1090 2327 1130 2379 Pr.

274 2413 316 2467 20.
352 2411 468 2478 Exiguae
485 2403 618 2463 tribuenda
635 2397 699 2462 fides
716 2411 747 2462 R.
766 2412 800 2476 (ὅ
817 2411 865 2462 trib
883 2411 910 2461 in
927 2411 1032 2477 rasura).
1058 2409 1321 2478 1111161666-

195 2498 271 2564 sura).
305 2498 406 2565 Exque
418 2505 494 2565 patet,
512 2497 583 2548 uliud
595 2497 656 2564 quid
674 2501 725 2552 al.
738 2515 771 2549 m.
789 2497 869 2548 fuisse
887 2497 1024 2564 scriptum
1043 2504 1086 2547 aut
1104 2497 1215 2548 dativum
1233 2495 1273 2548 lie
1289 2527 1321 2535 -

195 2585 240 2650 qui
257 2585 355 2652 (Wach.
374 2593 399 2637 61
416 2583 535 2650 Scrivsr.)
552 2583 647 2645 antiis
666 2611 697 2621 -
717 2583 762 2648 qui
780 2583 902 2650 (Deum).
937 2582 1032 2634 Verum
1051 2581 1153 2648 quidem
1170 2569 1220 2646 est,
1239 2583 1320 2650 pluri-

195 2688 249 2722 mos
274 2678 299 2722 et
323 2678 381 2723 vett.
405 2679 430 2722 et
451 2687 513 2722 rece.
536 2669 613 2721 libros
636 2669 701 2720 tueri
726 2676 763 2720 est
783 2667 904 2735 (Eniquu
925 2675 967 2718 est.
985 2667 1044 2718 trib.
1054 2665 1121 2734 fid.)
1140 2675 1167 2718 nt
1183 2667 1321 2720 YSEBKV

193 2757 260 2810 Mox.
279 2757 342 2810 Vox.
360 2756 423 2809 Rex.
442 2755 498 2808 Itel.
517 2755 601 2810 Ouxtt.
621 2756 680 2810 861.
698 2755 740 2810 83.
776 2754 840 2806 Ven.
853 2755 886 2810 93
905 2761 930 2806 et
947 2753 1037 2807 Leidd.
1055 2753 1087 2804 II.
1100 2753 1144 2804 III.
1158 2754 1215 2807 Vet.
1235 2753 1319 2808 chart.

193 2841 299 2896 Membr.
322 2842 396 2896 Voss.
424 2843 522 2894 Veterr.
546 2843 608 2909 Reg.
634 2841 717 2892 ruric.
741 2847 804 2897 teste
822 2841 964 2903 Arntnenio,
988 2841 1030 2908 qui
1054 2849 1140 2891 eet-
1159 2839 1220 2904 qnia
1236 2840 1319 2890 multa

195 2929 337 2994 loquuntur
362 2931 406 2996 (sc.
433 2928 556 2980 homiues.
579 2926 644 2979 conf.
669 2927 720 2978 Cic.
739 2927 795 2979 Am.
819 2928 865 2982 21:
889 2927 1001 2978 omnium
1022 2926 1137 2977 vitiorum
1161 2943 1211 2976 une
1235 2927 1320 2978 cautio

195 3023 240 3078 est,
259 3023 335 3067 utne
353 3015 427 3067 nimis
446 3015 494 3066 cito
513 3014 624 3082 deligere
642 3013 772 3082 incipient)
790 3013 891 3080 recepit.
927 3013 1025 3080 Exigua
1042 3011 1105 3062 fides
1122 3019 1160 3064 est
1177 3012 1235 3062 trib.
1255 3012 1319 3076 quia

193 3101 274 3152 multa
291 3100 409 3167 loqudur
426 3102 460 3152 H.
479 3101 543 3152 Ven.
561 3103 591 3155 91
616 3099 781 3166 (loquuntur).
808 3099 866 3165 quie
882 3097 999 3149 Bonvn
1023 3099 1057 3166 (2.
1084 3099 1132 3160 m.)
1157 3097 1214 3150 Vet.
1234 3097 1319 3151 Chert.

194 3194 220 3238 et
236 3186 343 3240 Membr.
361 3187 435 3240 Voss.
453 3186 572 3238 Amtnen.
607 3185 705 3252 Exigua
722 3185 779 3238 trib.
801 3183 860 3250 (om.
879 3185 926 3248 661)
943 3183 1028 3238 va.
1065 3183 1162 3251 Exigua
1185 3190 1225 3235 est
1245 3183 1319 3246 fides,

195 3272 256 3336 quia
278 3271 353 3323 mulli
375 3271 454 3324 multa
477 3271 529 3338 loq.
552 3271 622 3325 Mor.
646 3271 705 3322 Bas.
726 3270 806 3338 Nesp.
825 3270 904 3322 Caxtt.
922 3271 982 3326 861.
1002 3271 1043 3336 83.
1079 3271 1135 3322 Ital.
1153 3269 1229 3324 Boill.
1248 3270 1318 3323 Flor.

193 3359 327 3427 repetitum
345 3377 376 3411 ex
393 3359 412 3422 Ι,
434 3360 473 3413 13.
507 3358 605 3426 Exigue
627 3357 660 3408 iic
682 3359 738 3410 trib.
763 3357 806 3408 fid.
832 3357 877 3423 qui
894 3357 965 3408 Leid.
989 3358 1011 3410 Ι,
1029 3357 1126 3426 Erssm.
1145 3357 1224 3422 Gryp.
1244 3354 1318 3406 Gord.

198 3443 270 3496 Gruc.
289 3451 314 3496 et
330 3443 479 3496 recentiores
498 3442 629 3509 quaedam,
649 3461 753 3510 quarum
771 3443 908 3494 nonnullae
926 3439 981 3494 leis'.
999 3427 1025 3494 i'd
1043 3443 1124 3509 (ideo)
1143 3443 1186 3509 qui
1203 3441 1234 3493 X.

264 3531 306 3585 21.
342 3532 412 3594 Quae
430 3529 608 3597 potslllulAlJR
628 3531 749 3598 (resurae,
768 3548 798 3582 ex
816 3529 903 3596 potine
919 3529 1013 3582 factum
1030 3529 1113 3594 potu).
1150 3529 1220 3592 Quas
1237 3527 1322 3598 potsssl

196 3637 216 3688 Τ
235 3634 343 3703 (meurs)
367 3634 449 3688 Turio.
475 3651 524 3702 que
545 3618 667 3731 potszsllll
685 3635 709 3686 Y
726 3635 831 3702 (rasura.
850 3651 874 3684 u.
893 3651 916 3686 e.
934 3635 958 3687 2.
975 3633 1018 3701 m.)
1056 3630 1130 3688 Quod
1146 3639 1212 3698 putu
1229 3649 1318 3699 pecces

193 3739 228 3792 M.
248 3738 318 3804 quod
335 3745 398 3806 potu
415 3754 505 3806 pecces
521 3738 544 3789 D
563 3738 629 3790 Mox.
650 3739 715 3793 Vox.
732 3739 789 3790 Put.
822 3735 890 3790 ‘Vct
907 3737 971 3804 Reg.
991 3734 1047 3788 Vet.
1065 3736 1150 3788 Chare.
1174 3735 1245 3788 Leid.
1264 3734 1316 3787 111?

194 3825 351 3880 01111861.
379 3825 421 3880 83.
455 3823 514 3876 Bes.
540 3823 620 3892 Neep.
651 3825 725 3881 1658.
771 3823 843 3880 Quae
866 3831 940 3892 potus
963 3839 1052 3891 peccas
1076 3821 1181 3875 Withof.
1207 3841 1232 3890 p.
1258 3823 1317 3878 550.

189 3909 320 3964 ‘Horatius
338 3927 399 3962 voce
412 3917 491 3976 potres
508 3910 641 3962 verbaliter
658 3927 735 3978 saepe
752 3908 844 3966 untur?
879 3909 952 3979 μέθη
962 3903 1093 3977 'Scaliger
1117 3908 1179 3979 οϊνῳ
1198 3906 1317 3976 σφαλλό-

192 4013 277 4060 μενος
293 3996 430 4048 Plenudes.
467 3994 1218 4064 6666661661.Ρ111.8661611116.6111611611,
1246 3993 1318 4050 Quae
1422 4032 1426 4038 -

190 4090 263 4148 potu.
300 4081 370 4134 Neon
388 4082 484 4134 cedmon
501 4082 603 4134 nullum
624 4081 675 4132 oiri
698 4089 734 4134 cet
756 4081 871 4135 YSRRV
895 4084 969 4138 1658.
992 4082 1111 4134 Arntnen.
1135 4089 1171 4132 eet
1193 4099 1241 4132 om.
1260 4079 1317 4136 ΗΒ.

193 4170 259 4222 Nam
280 4169 382 4220 nullum
405 4168 502 4220 crimen
523 4169 575 4221 vini
597 4176 636 4220 est
658 4169 734 4222 DKX
753 4167 834 4222 ι116111.
858 4171 904 4220 Ill.
928 4169 996 4236 Aug.
1020 4166 1095 4220 Vind.
1121 4167 1197 4219 Boill.
1219 4167 1318 4220 Rraem.

194 4257 290 4325 Gryph.
308 4256 382 4308 Cord.
401 4255 472 4308 Orno.
498 4256 562 4309 Ven.
587 4257 629 4310 91.
654 4257 729 4312 1658.
748 4275 796 4310 om.
816 4264 852 4308 eet
869 4256 938 4309 (iaxt.
956 4257 1016 4311 861.
1054 4252 1123 4304 Num
1145 4253 1242 4304 crimem
1264 4252 1318 4304 vini

193 4345 293 4403 nullum
310 4351 350 4396 est
366 4343 447 4394 Paris.
483 4341 549 4395 Num
567 4343 668 4395 nullum
686 4350 725 4396 est
741 4343 792 4396 nini
811 4343 905 4394 crimen
923 4342 1029 4394 Scriver.
1048 4349 1073 4394 61
1090 4342 1146 4392 1611.

264 4432 305 4486 22.
332 4429 482 4484 Arnlzenius
501 4429 595 4482 confert
612 4431 644 4481 ud
662 4448 764 4482 sensum
789 4429 848 4482 Sen.
867 4430 896 4486 R.
915 4431 935 4492 1,
953 4431 985 4485 3:
1010 4429 1051 4480 Tu
1074 4446 1132 4482 vero
1156 4427 1238 4481 omniu
1261 4445 1317 4481 cum
