3148 5102
598 447 600 454 ’
655 464 859 518 omnnium.
1270 491 1324 533 Π,

203 633 298 706 atque
331 620 374 704 ad
403 620 545 720 disticlra.
570 646 573 658 ·
595 621 722 688 Rubrae
754 620 865 690 literae
881 641 956 716 non
984 623 1101 690 insunt.
1153 624 1325 707 Inspriptio

197 730 267 793 atra
288 727 427 806 prostat:
453 722 629 790 INCIPIT
657 724 868 790 PRAEFATI
890 726 962 811 (sle)
984 727 1030 792 IN
1053 726 1179 794 LIBRO
1203 725 1325 795 CATO-

200 828 280 896 NIS.
325 826 478 910 Prologus
501 828 657 894 consentit
679 847 749 894 eum
772 847 808 895 eo
831 830 940 912 quiin
967 832 1034 897 cod.
1058 850 1078 913 y
1099 830 1225 913 legitur,
1248 848 1323 912 pou·
1375 865 1378 874 ·

197 932 241 1000 eis
263 930 340 997 loeis
363 931 510 1012 exeeptis
557 927 628 996 Vna
651 931 807 998 sententia
828 931 861 996 in
882 931 941 998 hoe
963 935 1071 998 nostro
1094 930 1208 1000 Codice
1231 931 1327 998 inter·

195 1033 299 1118 posita
322 1037 381 1113 est,
403 1031 555 1114 vigesIma
577 1037 681 1100 sexta:
704 1031 825 1098 Labros
848 1032 922 1119 Iope.
966 1035 1043 1100 Post
1064 1034 1228 1118 prologum
1250 1035 1327 1102 seri·

195 1141 287 1224 ptum
309 1141 376 1202 est:
405 1134 613 1202 EXPLICIT.
645 1135 804 1202 INCIPIT
832 1136 962 1202 LIBER
983 1135 1152 1204 PRIMVS.
1187 1135 1326 1220 SiogulIs

194 1240 285 1306 libris
313 1239 429 1306 similes
459 1239 553 1306 datae
575 1243 652 1304 sunt
676 1237 905 1321 inscriptiones.
951 1241 1001 1306 Ad
1030 1241 1147 1307 eoloem
1175 1240 1326 1323 leguntur

198 1343 292 1410 haee:
308 1328 445 1409 EXPLI.
460 1327 540 1408 nm.
553 1339 756 1422 QVARTVS.
768 1341 1001 1409 EPITAFIVM
1014 1343 1118 1408 FILII
1130 1340 1323 1409 CATONIS.

284 1445 505 1529 Epitaphium,
535 1446 624 1511 eulus
660 1445 823 1529 inscriptio
831 1445 857 1532 ²)
890 1447 922 1514 in
956 1446 1024 1514 eod.
1058 1447 1265 1528 praecedente
1293 1445 1325 1512 H

199 1549 315 1632 differt,
337 1549 369 1614 in
391 1554 526 1632 utroque
549 1547 592 1615 sie
615 1566 649 1614 se
671 1548 776 1616 habet.

301 1652 383 1733 Quid
404 1652 470 1733 tibi,
492 1650 729 1734 munufactum,
752 1671 833 1736 quae
855 1651 932 1719 nulli
954 1669 1084 1734 parcere
1106 1652 1198 1730 nostI,

351 1755 462 1822 Nescis
484 1754 647 1836 laetitiam,
670 1753 772 1820 neseis
794 1773 900 1822 amare
922 1755 1029 1824 iocos?

301 1858 359 1926 His
383 1877 440 1942 ego
463 1855 625 1942 praevalui
646 1861 713 1923 toto
736 1857 917 1924 notissimus
939 1858 1020 1926 orbi:

352 1958 434 2028 Hine
457 1961 533 2027 mihi
556 1961 646 2044 larga
669 1960 789 2042 domus,
811 1961 884 2028 hine
905 1961 982 2026 mihi
1004 1979 1117 2028 oensus
1141 1966 1218 2030 erat.

302 2065 487 2132 Gaudebam
509 2083 640 2148 semper.
680 2063 761 2144 Quid
784 2064 876 2146 enim,
898 2064 925 2130 si
947 2065 1064 2148 gandia
1086 2065 1199 2148 desint,
1307 2053 1332 2130 δ’

351 2168 411 2236 Hie
432 2187 531 2252 uagus
553 2187 590 2235 ae
613 2166 708 2235 fallax
730 2167 807 2234 utile
829 2168 965 2235 mundns
987 2168 1108 2236 babet?

302 2272 354 2339 Me
375 2272 442 2339 viso
464 2271 568 2338 rabidi
590 2272 695 2339 subito
718 2271 858 2339 cecidere
881 2270 1020 2356 furores3

352 2375 488 2442 Ridebat
510 2391 651 2441 summus
674 2373 891 2441 mevenIente
913 2372 1011 2442 dolor.

301 2481 373 2550 Non
393 2481 483 2550 licuit
504 2497 690 2564 quemquam
713 2479 912 2548 mordacibus
934 2499 1027 2548 urere
1049 2479 1142 2562 curlo,

351 2584 417 2652 Neo
439 2602 546 2652 rerum
567 2584 687 2651 ineerta
708 2583 883 2650 mobilitate
904 2584 997 2652 trahi.
1283 2587 1323 2648 10

304 2686 460 2754 Vineebet
481 2691 610 2754 cunctos
632 2687 811 2770 praesentia
831 2690 940 2754 nostra
961 2688 1100 2770 timores,

352 2792 395 2857 Et
416 2809 539 2858 meeum
562 2788 635 2858 felix
656 2789 815 2874 quaelibet
836 2792 914 2857 hora
936 2789 1006 2858 fuit.
1299 2867 1304 2878 .

303 2894 443 2962 Motibus
465 2914 502 2962 ae
524 2894 615 2962 dietis
638 2894 759 2977 tragica
780 2912 905 2978 quoque
927 2897 1023 2964 verba
1044 2896 1222 2980 placebant.

353 2998 541 3066 Exhilarans
563 2997 657 3065 variis
680 2997 785 3065 tristia
807 2998 902 3066 corda
925 3000 1035 3082 modis,

199 3154 403 3167 ψ*

267 3255 289 3326 ²)
305 3256 521 3311 NPITAPHIVM
532 3255 668 3309 VITALIS
682 3255 770 3310 MIMI.
780 3256 820 3318 H;
836 3255 1026 3309 EPITAFIVM
1037 3255 1117 3308 TILII
1131 3254 1287 3308 CATONIS.
1300 3255 1327 3308 S.

199 3345 347 3400 2111111111
364 3343 418 3397 HS.
440 3343 502 3396 ineis
521 3342 548 3395 S.
572 3344 597 3398 3.
614 3342 672 3394 urbi
690 3341 718 3394 S.
743 3345 767 3398 4.
791 3359 863 3395 nesus
882 3342 909 3396 S.
933 3345 958 3398 6.
976 3341 1047 3410 uagis
1066 3340 1094 3396 S.
1119 3343 1144 3396 7.
1162 3342 1220 3394 niro
1239 3342 1266 3394 S.
1286 3344 1327 3398 10.

200 3450 343 3501 quenquam
361 3431 388 3484 S.
407 3431 491 3484 eurris
511 3429 538 3482 S.
558 3432 598 3486 10.
617 3430 748 3482 nobilitate
766 3429 799 3484 Η.
822 3431 860 3484 12.
879 3429 931 3482 Ora
947 3428 974 3483 S.
996 3431 1035 3484 13.
1047 3429 1143 3497 troglea
1155 3427 1208 3480 Hs.
1222 3427 1328 3495 plaoeba'a

200 3520 231 3570 Η.
253 3521 292 3574 14.
312 3517 436 3570 exilorona
456 3515 509 3569 HS.
528 3515 628 3568 tristitia
645 3515 698 3569 HS.
717 3517 792 3584 posui
811 3515 902 3568 tristia.
934 3517 974 3571 15.
992 3516 1123 3583 Angebam
1142 3515 1169 3568 S.
1182 3514 1325 3582 loquentur.

200 3604 247 3657 ΒΗ
263 3605 301 3671 (in
318 3604 344 3656 Η
361 3621 449 3656 rasura
467 3610 492 3655 at
512 3606 523 3658 1
545 3620 578 3654 m.
600 3620 662 3656 oorr.
682 3603 718 3670 b).
755 3605 795 3659 16.
814 3603 923 3655 crederis
946 3603 1000 3656 Hs.
1035 3603 1100 3655 Cum
1118 3602 1230 3654 crederes
1247 3605 1327 3651 metro

172 3698 333 3780 κποριιςιιω,
351 3689 426 3758 posui
445 3689 544 3740 oreduis
562 3706 609 3756 pro
627 3689 742 3740 erederet
760 3705 781 3740 s.
801 3688 896 3740 eredas.
916 3689 982 3739 eoni.
1000 3687 1084 3739 Plaut.
1102 3686 1196 3752 Amph.
1208 3685 1241 3744 Π,
1251 3685 1275 3748 2,
1286 3686 1329 3740 40.

201 3778 273 3844 Copt.
291 3777 337 3838 111,
356 3779 382 3839 4,
400 3776 442 3832 73.
478 3775 552 3827 True.
570 3774 603 3837 Il,
622 3777 646 3839 2,
664 3775 706 3830 52.
736 3775 777 3830 18,
795 3773 941 3842 maginus.
955 3771 1328 3842 propteruseminuinversn

201 3883 253 3934 aeq.
272 3865 332 3931 lege
344 3863 432 3915 meris.
459 3861 527 3914 Olim
539 3869 718 3929 temptaveram
729 3860 806 3912 nimia
824 3861 864 3912 vol
881 3859 950 3915 salzb.
969 3878 1029 3912 ense
1048 3859 1074 3912 S.
1094 3858 1200 3922 lllle¹se
1217 3856 1244 3908 Η
1260 3856 1283 3924 (s
1301 3856 1328 3908 in

109 3989 117 4006 .
200 3951 307 4016 mura).
328 3949 571 4018 ..ripaltensem
594 3948 700 4013 Quintil.
719 3948 753 4011 11,
773 3950 819 4004 10:
838 3948 874 4000 ire
891 3947 917 3999 in
935 3964 1033 4015 eorpus.
1056 3945 1134 3997 Tacit
1152 3945 1184 3998 A.
1202 3943 1261 4004 Xll,
1280 3942 1327 3997 68:

202 4037 239 4090 iro
257 4037 283 4088 in
302 4037 401 4091 melius.
438 4036 505 4087 lllor.
524 4037 607 4100 11,4:
631 4035 667 4088 ire
691 4035 716 4086 in
735 4034 859 4086 sudorem.
896 4033 972 4100 Verg.
991 4032 1022 4086 A.
1041 4031 1087 4093 lv,
1105 4031 1171 4085 413:
1195 4029 1231 4081 ire
1248 4029 1274 4080 in
1291 4027 1328 4078 la·

202 4123 298 4176 mimas.
326 4123 355 4174 In
369 4121 471 4174 Anthol.
486 4120 540 4176 Lat.
553 4121 598 4185 IV,
612 4123 646 4177 20
655 4121 759 4190 legitur:
771 4149 802 4158 -
813 4121 838 4172 in
848 4119 920 4172 vultu
932 4136 959 4171 eo
970 4117 1052 4184 mapis
1064 4134 1120 4170 esse
1132 4133 1197 4169 meo.
1215 4113 1327 4171 21111111-

201 4215 253 4260 tum
270 4225 314 4260 sos
331 4224 359 4260 aa
376 4207 475 4260 semina
500 4205 528 4260 S.
563 4208 605 4262 21.
622 4213 675 4258 tota
699 4221 773 4273 quem
796 4211 865 4257 mats
889 4203 917 4256 S.
938 4209 989 4255 tota
1016 4199 1112 4270 quelll!
1130 4201 1238 4267 (mura)
1258 4193 1330 4266 mita

202 4295 237 4361 (l.
255 4311 289 4346 m.
308 4293 383 4360 eorr.)
399 4293 434 4346 Η.
461 4295 503 4349 21.
522 4293 679 4346 Videbantur
700 4292 754 4346 Hs.
777 4291 895 4360 equidem
918 4289 1025 4344 porrexi:
1048 4289 1170 4343 ridebunt.
1193 4294 1278 4355 raptor
1299 4287 1328 4340 S.

202 4379 297 4448 rapitur
321 4379 354 4434 Η,
378 4380 465 4448 posui:
492 4387 586 4446 raptor.
621 4379 663 4434 23.
683 4379 739 4441 Quo
762 4395 806 4430 roa
831 4376 865 4428 H.
900 4373 977 4438 Quod
1002 4392 1047 4427 voa
1075 4375 1103 4428 Β.
1138 4373 1179 4432 25.
1204 4373 1277 4426 mesti
1294 4371 1328 4427 Η.

203 4469 245 4528 26.
263 4465 329 4522 Ιιώι
345 4466 379 4524 Η.
398 4465 623 4522 eontlditiamr.
644 4460 978 4535 211ρ1ὠι1ον.24ΗΒ.
