3170 5090
763 335 773 367 ς
807 326 809 336 ,

703 442 809 498 LIBER
825 443 869 500 1v.
890 449 891 457 ’

264 639 292 698 4.
330 632 434 732 Dilige
457 599 629 713 donanim,
653 631 709 698 sed
731 650 825 714 parce
848 633 941 718 dilige
963 633 1104 718 formam,

330 736 430 816 Quem
451 754 542 803 nemo
565 739 693 802 sanetus
715 754 773 803 nac
795 737 946 804 honestus
969 743 1076 822 captat
1094 739 1220 824 habere.

220 889 299 960 magis
318 890 483 958 prospexeris.
520 891 607 944 Potest
624 891 704 957 accipi
722 889 842 942 bisariam
859 891 945 959 (quae)
968 909 1020 944 aare
1037 901 1074 944 cst
1093 893 1110 945 i.
1129 912 1194 961 quoe
1211 896 1284 949 mullo
1301 905 1345 962 ost,

219 978 327 1031 subaudi
345 993 428 1030 coeca.
458 977 588 1030 Erasmus.
604 995 662 1029 rem
679 977 695 1028 i.
708 993 819 1039 omnem,
837 977 1063 1043 confamiliarem,
1082 997 1139 1033 cum
1156 983 1277 1050 privatam
1295 991 1348 1037 tum

219 1063 355 1132 publicam,
366 1079 431 1116 cum
449 1063 576 1116 forensem
594 1069 648 1114 tum
659 1061 802 1114 militarem.
825 1061 948 1117 ‘Arntzem
967 1065 1095 1131 gubernas
1110 1067 1169 1121 Bae.
1182 1068 1262 1136 Neap.
1281 1069 1349 1134 qood

220 1167 273 1202 non
291 1157 330 1201 eet
348 1148 486 1202 Scriverius
504 1148 591 1211 edidit,
612 1155 701 1200 contra
719 1148 834 1200 omnium
853 1157 878 1198 et
889 1147 964 1200 MSS.
978 1157 1003 1201 et
1015 1153 1082 1219 typis
1095 1161 1251 1206 exaratorum
1268 1154 1347 1208 libro·

219 1253 275 1288 rum
293 1235 474 1288 auctoritatem.
493 1249 590 1286 caecam
611 1233 706 1303 (cecam
717 1233 753 1301 X)
770 1233 1055 1290 RYSEHTBDFKMV
1065 1236 1123 1292 Bae.
1136 1239 1215 1307 Neap.
1228 1241 1291 1293 Van.
1306 1244 1347 1298 93.

219 1322 276 1377 rell.
295 1339 407 1394 caueam.
425 1321 493 1388 quod
511 1321 607 1388 recepit
625 1320 730 1372 Scriver.
767 1319 819 1372 Sed
837 1321 901 1375 conf.
920 1321 971 1374 (lic.
989 1323 1015 1374 in
1033 1323 1144 1392 Philipp.
1164 1325 1207 1378 Or.
1226 1327 1297 1390 XIII,
1315 1329 1346 1385 5:

218 1435 251 1447 ·-
270 1407 389 1458 Fortuna
406 1410 470 1476 ipsa,
490 1425 554 1476 quae
573 1407 663 1458 dicitur
681 1421 756 1457 caeca
774 1435 815 1458 —.
839 1407 891 1460 cic.
911 1407 968 1460 Am.
988 1409 1033 1465 15:
1056 1409 1138 1462 Cocco
1154 1409 1273 1463 Fortuna
1290 1413 1346 1482 ple-

217 1512 324 1562 rumque
342 1511 386 1546 eos
404 1494 481 1546 efficit
503 1510 603 1556 caecos,
629 1510 692 1560 quoe
715 1492 845 1561 complexa
868 1501 914 1546 eet.
950 1495 1074 1550 ‘Profecto
1099 1497 1190 1549 clarius
1216 1499 1347 1553 extulisset

217 1580 327 1633 Auctor:
347 1579 407 1632 Noli
424 1579 571 1642 Fortunam,
590 1597 655 1647 quae
671 1579 742 1632 nulla
759 1588 805 1644 est,
824 1581 908 1634 dicere
925 1583 1041 1636 caeoam’.
1077 1583 1196 1652 Scaliger.

287 1671 311 1722 4.
337 1667 394 1718 Hoc
411 1667 537 1720 distichon
554 1667 619 1720 inter
640 1670 766 1720 vexatiora
789 1667 892 1719 Catonis
914 1675 961 1724 est.
998 1668 1112 1738 Scaliger
1130 1670 1265 1737 legendum
1283 1689 1344 1724 cen-

218 1757 282 1808 suit:
298 1755 383 1822 Dilige
400 1753 499 1818 denari,
524 1754 570 1806 sed
587 1771 663 1821 parce
681 1755 758 1822 dilige
776 1755 889 1818 formam,
914 1753 991 1812 Quam
1014 1774 1039 1807 n.
1058 1775 1078 1810 s.
1097 1773 1144 1820 mec
1161 1759 1188 1812 h.
1211 1757 1372 1823 captacula

218 1857 283 1894 acre.
318 1840 456 1894 Withofiue
479 1859 504 1908 p.
522 1842 573 1897 562
597 1839 679 1892 adieri
702 1841 835 1892 lectionem
859 1841 927 1908 vulg.
964 1843 1044 1906 Quam
1064 1873 1096 1884 -
1114 1851 1200 1910 captat
1223 1843 1255 1896 cb
1279 1860 1345 1908 acra,

216 1933 294 1995 atque
311 1927 442 1981 emendat:
460 1927 547 1994 Dilige
565 1935 596 1990 de,
615 1935 725 1979 teneram
745 1927 791 1979 sed
808 1945 833 1994 p.
852 1927 876 1978 d.
894 1927 911 1979 f.

463 2010 544 2070 Quam
562 2031 587 2065 n.
606 2032 626 2066 s.
646 2032 671 2068 n.
689 2015 715 2066 h.
735 2021 808 2065 carot
825 2015 927 2069 habere.

217 2101 274 2164 ‘'lle‚
291 2101 382 2168 inquit,
403 2101 541 2153 secundum
559 2107 662 2154 naturae
679 2101 719 2153 ius
737 2102 859 2170 legesque
877 2102 965 2170 dilige,
989 2102 1035 2154 sed
1052 2102 1157 2156 formam
1174 2110 1287 2156 teneram
1305 2105 1345 2156 di-

216 2187 267 2256 lige
284 2203 375 2254 parce,
399 2203 475 2255 quam
492 2205 566 2239 nemo
591 2193 692 2240 sanctus
710 2188 881 2256 honestusque
903 2187 997 2241 habere
1015 2197 1099 2255 curat,
1122 2196 1166 2242 aut
1183 2190 1345 2258 magnifacit'.
1369 2179 1373 2187 ⁵

218 2303 252 2314 -
271 2274 417 2326 Clausulam
436 2273 536 2326 distichi
552 2273 661 2341 sumpsit
679 2273 851 2326 sanctissimus
870 2277 978 2342 scriptor
995 2291 1067 2327 esuo
1080 2275 1193 2346 Horatio,
1213 2277 1257 2344 qui
1269 2277 1301 2329 E.
1311 2277 1344 2339 11,

216 2363 241 2424 2,
261 2363 311 2418 182
329 2361 426 2412 scribit:
445 2358 514 2411 Sunt
531 2357 646 2425 quianon
662 2359 779 2422 babeant,
798 2367 835 2410 eet
853 2359 898 2424 qai
914 2377 966 2411 non
979 2360 1162 2416 concitatore.
1192 2362 1258 2415 Vide
1270 2363 1345 2415 otiam

218 2447 360 2501 Bentleiurn
380 2447 412 2520 ad
429 2445 545 2498 Eundem
566 2446 596 2500 Ε.
615 2447 636 2508 Ι,
655 2448 680 2508 2,
698 2445 749 2503 34'.
784 2445 899 2498 Alciatus
920 2445 1021 2515 Parerg.
1040 2447 1085 2510 IV,
1104 2449 1137 2504 23
1160 2448 1223 2517 legit
1244 2456 1269 2501 et
1291 2449 1343 2502 dis·

216 2535 305 2587 tinxi:

283 2542 293 2588 t
420 2602 506 2670 Dilige
524 2601 663 2664 denarium,
682 2602 727 2653 ead
744 2617 831 2668 paroc:
851 2601 929 2670 dilige
945 2601 1063 2666 formam,

422 2691 504 2753 Quam
520 2705 594 2741 nemo
611 2687 714 2752 sopiens
731 2687 770 2740 cel
785 2689 906 2742 honestus
921 2695 1006 2757 captat
1022 2688 1055 2740 ab
1073 2704 1138 2744 aero.

216 2795 372 2849 Boxhornius
391 2813 417 2864 p.
436 2795 486 2852 363
505 2793 621 2862 primitus
638 2796 677 2846 ita
694 2793 816 2860 scriptum
831 2793 914 2846 fuisse
931 2792 1040 2861 putarit:

419 2881 504 2950 Dilige
521 2879 660 2942 denarium,
678 2880 725 2932 sed
742 2896 816 2948 parce
834 2880 920 2948 dilige.
938 2879 1046 2930 Famam

420 2968 484 3020 Nam
502 2985 575 3020 nemo
594 2950 695 3020 sauctus
712 2966 750 3018 vel
766 2968 887 3020 honestus
898 2974 989 3036 ,captat
1007 2967 1038 3017 ab
1057 2983 1124 3021 aare.

218 3055 418 3124 Gannegieterue
436 3071 461 3121 p.
480 3053 531 3109 494
548 3052 642 3106 voluit:

418 3139 505 3208 Dilige
522 3147 546 3191 de
563 3137 662 3202 ornari,
681 3139 727 3191 sed
744 3155 819 3206 parce
838 3138 915 3206 dilige
934 3137 1048 3203 formam,

421 3226 502 3289 Quom
520 3243 595 3278 nemo
613 3233 717 3278 sanctus
735 3241 781 3276 occ
796 3226 919 3278 honestus
937 3231 1020 3292 captat
1036 3224 1137 3278 habore.

215 3315 304 3383 Neque
322 3331 425 3368 sensum
444 3329 527 3380 neque
547 3313 682 3366 dictionem
701 3313 802 3365 distichi
820 3313 855 3365 sic
873 3312 998 3364 constituti
1021 3314 1164 3380 probamus.
1201 3311 1341 3382 (launegie-

215 3410 283 3454 tarus
301 3419 392 3468 apag.
411 3399 548 3456 493-502
575 3399 648 3452 docta
669 3398 812 3466 prolixitate
835 3398 867 3450 de
890 3405 978 3450 ornatu
1003 3399 1151 3466 capillorum
1169 3399 1288 3464 (Martial.
1305 3402 1339 3463 11,

220 3491 273 3557 66),
293 3489 325 3541 de
342 3488 465 3541 munditie
483 3487 518 3554 (p.
535 3487 603 3541 499:
633 3484 732 3536 ‘Noster
750 3490 865 3536 ornatum
881 3485 978 3552 probat,
997 3502 1054 3538 oum
1072 3486 1176 3538 Ovidius
1194 3487 1343 3540 munditiem

214 3577 334 3642 nominat,
352 3583 430 3643 atque
447 3581 476 3626 ut
492 3573 621 3640 intelliges
634 3571 784 3624 munditiem
797 3571 862 3624 hano
874 3571 1011 3639 significari
1022 3579 1116 3636 nostro,
1134 3573 1169 3624 ita
1185 3572 1230 3625 ille
1242 3573 1269 3624 iu
1282 3590 1340 3626 sen-

213 3665 300 3742 tentiis
318 3661 471 3724 minoribus,
491 3677 555 3728 quae
573 3659 766 3728 praemittuntur
782 3658 847 3710 libro
865 3659 961 3726 primo,
979 3658 1097 3710 Mandas
1113 3666 1178 3723 esto,
1204 3660 1272 3726 quod
1288 3659 1340 3713 ior·

214 3758 281 3804 tasse
300 3751 392 3802 lemma
408 3747 457 3800 fait
474 3747 551 3799 huius
570 3746 683 3813 distichi,
702 3745 733 3797 de
752 3762 802 3812 quo
820 3744 856 3796 sic
874 3745 1043 3813 disputamus)
1054 3747 1138 3813 'atque
1157 3747 1188 3798 de
1206 3747 1298 3799 vestitu
1317 3755 1341 3799 et
1370 3746 1373 3754 '

213 3837 301 3890 habitu
319 3835 445 3888 disseruit.
480 3833 532 3888 Cic.
552 3832 602 3884 Off.
622 3834 643 3894 Ι,
661 3813 709 3888 st:
729 3831 804 3900 ‘Ergo
822 3850 838 3883 a
854 3831 935 3884 forma
952 3841 1111 3886 removeatur
1124 3835 1206 3886 omnis
1218 3833 1271 3885 viro
1289 3850 1340 3886 non

213 3925 307 3994 dignus
325 3930 439 3974 ornatus.
474 3921 514 3974 De
530 3938 579 3972 usu
598 3919 714 3972 dictionis
733 3917 820 3984 Dilipc
838 3927 862 3970 te
880 3920 971 3971 murari
988 3919 1080 3973 vellem
1097 3937 1176 3972 unum
1197 3918 1341 3996 exemplum

213 4010 353 4063 adtulisset.
389 4007 527 4059 Amtzenio
545 4013 629 4058 mmen
648 4005 711 4058 haec
729 4005 869 4058 emendatio
887 4013 957 4059 tanto
975 4007 1054 4075 magis
1066 4006 1197 4060 videbatur
1211 4022 1339 4058 commen·

213 4095 317 4160 dabilis,
344 4111 393 4162 quo
412 4093 495 4145 minue
514 4093 551 4145 rie
573 4093 640 4144 facta
662 4093 695 4144 sit
717 4091 877 4160 antiquorum
902 4091 1023 4145 Codicum
1045 4092 1160 4154 lectioni,
1185 4099 1261 4158 atque
1284 4091 1340 4159 ipsa

213 4181 315 4238 distichi
341 4179 464 4234 sententia
490 4179 620 4248 postulare
647 4179 763 4234 videtur'.
795 4178 922 4232 Boxhorn.
941 4179 959 4230 l.
985 4179 1003 4230 l.
1031 4180 1068 4232 sio
1093 4180 1197 4248 exponit
1222 4197 1339 4241 sensum:

214 4267 343 4338 prudentis
362 4285 427 4331 esse,
446 4285 531 4320 amare
549 4268 680 4336 pecuniam
700 4267 783 4335 quoad
801 4285 889 4329 usum;
907 4267 977 4320 stulti
996 4284 1052 4320 vero
1071 4285 1135 4333 ease,
1154 4275 1179 4320 at
1196 4268 1272 4332 avari,
1291 4285 1337 4336 pa·
1362 4303 1365 4310 .

212 4356 313 4410 cuniam
331 4365 431 4418 amare,
454 4362 484 4408 ut
506 4356 586 4408 forma
610 4355 664 4408 eius
682 4363 758 4423 atque
775 4355 859 4423 specie
876 4354 943 4407 oculi
960 4360 1057 4407 mutum
1075 4353 1224 4423 pascantur!
1259 4353 1337 4406 Eras-

211 4461 282 4496 mus:
301 4442 402 4496 ‘Amare
420 4441 552 4510 pecuniam
566 4443 599 4495 ad
616 4460 690 4496 usum
707 4441 838 4512 prudentie
851 4449 902 4494 est:
923 4459 1016 4508 amare,
1034 4449 1063 4494 ut
1079 4441 1158 4495 forma
1169 4447 1258 4510 paseat
1276 4457 1337 4494 ocu-
