3148 5102
610 459 813 514 Panaenum.
1190 478 1274 535 xxxv

146 615 231 682 alias
252 615 470 699 inscriptiones
492 615 523 680 in
547 615 744 696 sequioribus
759 613 955 696 membranis,
979 633 1006 680 e.
1024 631 1048 680 e.
1065 614 1111 679 K:
1135 613 1274 682 EXPLI-

146 715 224 785 CIT
246 717 405 786 ETHICA
428 705 638 784 CATHONIS
661 723 719 785 etc.

109 809 112 818 ’
238 821 327 887 Duae
349 825 455 887 autem
478 823 552 886 sunt
573 819 644 885 libri
665 826 780 902 partes¹
803 823 947 904 prosaica
970 826 1001 886 et
1015 822 1147 904 poetica.
1182 823 1275 888 Nulla

147 925 247 990 huius
272 924 462 990 diversitatis
486 924 656 1005 excogitari
677 928 782 1011 potest
803 941 879 989 sana
901 923 990 990 rati0.
1032 923 1093 990 Vni
1115 925 1277 1010 eidemque
1347 968 1351 974 -

146 1028 275 1094 auctori
308 1032 474 1110 utramque
508 1027 686 1092 adscribere
715 1027 868 1092 absonum
898 1027 1031 1093 uidetur.
1084 1027 1174 1094 Prior
1203 1046 1276 1112 pars

144 1132 279 1198 brevem
302 1131 464 1213 epistolam
487 1133 582 1210 atque
603 1130 763 1196 breviores
779 1131 951 1196 sententias
966 1130 1032 1196 sive
1048 1138 1216 1214 praecepta
1239 1133 1277 1198 de

145 1235 292 1302 moribus
316 1234 463 1315 eontinet,
486 1234 586 1298 altera
609 1237 759 1314 quattuor
780 1233 876 1300 libros
891 1233 1130 1300 binis'uersibus
1145 1235 1277 1300 heroicis

145 1343 342 1417 constantes,
366 1337 419 1420 qui
443 1336 568 1402 eosdem
591 1342 647 1402 aut
670 1335 785 1428 similes
807 1341 864 1401 aut
886 1355 982 1402 nouos
1005 1333 1108 1403 mores
1125 1357 1277 1404 commen-

146 1445 238 1508 dant.
284 1440 349 1506 Cur
370 1440 447 1506 haec
470 1439 685 1522 duplexratio
714 1439 746 1503 in
774 1458 809 1504 re
832 1439 964 1505 eadem?
1007 1439 1150 1522 Epistola
1172 1447 1278 1507 autem

145 1546 187 1611 ad
210 1545 329 1610 Filium
355 1544 472 1624 scripta
499 1541 614 1619 fertur,
642 1541 714 1607 libri
743 1545 894 1624 quattuor
922 1543 1035 1624 cuique
1062 1544 1172 1612 lectori
1200 1543 1278 1628 (qui-

146 1666 287 1729 cumque
309 1649 340 1714 in
363 1645 474 1712 Praeti.
499 1646 556 1722 ΙΙΙ,
583 1653 596 1710 1
622 1650 654 1712 et
677 1645 730 1722 IV,
756 1647 786 1728 1)
811 1650 885 1712 sunt
900 1647 1120 1728 commendati,
1142 1648 1226 1729 quod
1242 1667 1279 1713 ex

145 1751 295 1817 versibus
317 1755 415 1832 pater,
438 1747 669 1832 quaerundo,
691 1748 796 1814 Tertio
820 1755 852 1814 et
874 1749 992 1828 Quarto
1015 1749 1110 1816 Libro
1133 1752 1279 1832 praemit·
1360 1804 1361 1814 ,

146 1859 273 1935 tumtur,
296 1853 370 1918 dum
391 1853 526 1935 primum
549 1851 702 1916 eiusmodi
717 1852 860 1917 versibus
883 1870 989 1918 carere
1005 1853 1163 1919 miramur.
1199 1855 1280 1921 Item

147 1958 312 2034 miramur,
335 1976 397 2022 non
419 1973 515 2020 unam
537 1954 731 2034 eandemque
753 1958 903 2034 quattuor
928 1955 1024 2020 libros
1053 1957 1169 2022 habere
1190 1975 1278 2040 prae·

148 2059 320 2136 tationem,
335 2117 337 2122 ,
352 2059 407 2126 sed
443 2077 533 2124 suam
568 2075 722 2141 quemque
750 2057 889 2139 singulos
918 2059 1014 2124 libros
1044 2079 1175 2144 eamque
1203 2062 1279 2126 satis

148 2165 300 2248 ineptam.
346 2165 394 2228 Ex
415 2162 464 2230 his
487 2159 634 2242 efficitur,
658 2165 714 2226 aut
735 2159 866 2226 formam
895 2161 967 2228 libri
989 2165 1113 2229 omnino
1137 2181 1206 2229 esse
1228 2183 1280 2229 ne·

149 2268 298 2349 glottam,
320 2273 375 2332 aut
398 2267 529 2332 alteram
552 2269 675 2345 partem
696 2264 736 2330 ab
762 2265 861 2331 altera
884 2283 953 2330 esse
976 2267 1190 2348 separandam.
1239 2267 1281 2331 Et

149 2371 240 2455 prior
267 2369 392 2450 quidem
420 2389 494 2452 pars
523 2369 696 2450 praemissa
722 2369 846 2434 videtur
874 2369 937 2434 iam
965 2371 1139 2452 anthuitus
1167 2389 1186 2434 a
1212 2369 1280 2436 viro

150 2475 247 2540 docto
270 2473 425 2556 quopiam,
455 2473 509 2554 qui
537 2472 706 2538 recordans
736 2470 845 2534 Plinii
869 2470 1047 2558 Praecepta
1080 2470 1210 2536 Coronis
1237 2468 1282 2535 ad

150 2576 277 2642 Filium
310 2596 371 2642 non
400 2576 501 2641 solum
533 2582 701 2656 praecepta
735 2574 863 2641 Catonis
896 2575 1063 2642 conficeret
1095 2575 1152 2640 sed
1186 2576 1280 2641 etiam

151 2681 319 2763 epistolam
341 2679 566 2763 praemitteret.
612 2679 702 2744 Prior
723 2697 796 2760 pars
819 2679 976 2744 nonnullis
999 2678 1165 2746 codicibus
1188 2677 1279 2744 MSS.

152 2795 250 2864 atque
273 2783 461 2849 editionibus
483 2782 600 2848 saeculi
614 2780 683 2847 XV.
708 2781 838 2846 Parvos
857 2780 946 2864 Caro,
969 2783 1124 2866 posterior
1146 2804 1281 2868 mayaco

153 2887 392 2962 nominabatur,
415 2891 550 2969 utraque
578 2892 684 2950 autem
706 2887 769 2950 iam
797 2886 954 2968 prioribus
977 2883 1109 2951 saeculis
1131 2885 1164 2950 in
1187 2905 1281 2951 unam
1399 2900 1407 2917 ·

155 2995 264 3054 coacta
289 3010 327 3054 ex
348 2989 491 3056 manibus
513 2989 712 3056 librariorum
740 2989 773 3053 in
795 2989 953 3070 publicum
975 2989 1143 3072 prodierat.
1189 2989 1282 3055 Prae·

155 3091 289 3159 tationes
312 3095 459 3159 metricas
473 3093 624 3158 librorum
641 3093 682 3158 ΙΙ.
699 3091 758 3157 ΙΙΙ.
776 3100 809 3158 et
824 3093 868 3158 IV
891 3094 952 3158 Alii
976 3092 1114 3158 Ausonio
1130 3093 1282 3168 tribuunt,

156 3195 218 3260 Alii
240 3195 313 3263 huic
334 3197 385 3263 vel
407 3197 498 3263 alteri
513 3197 675 3277 monacho,
698 3196 782 3279 quod
798 3197 975 3262 accuratius
997 3196 1154 3276 inquirere
1170 3213 1283 3276 operae

156 3300 292 3380 pretinm
314 3319 376 3366 non
399 3305 457 3365 est.
717 3379 721 3383 1

233 3399 330 3470 ‘Idem
353 3403 487 3485 ingenue
510 3402 721 3470 confitendum
752 3408 800 3468 est
830 3400 867 3464 de
890 3413 993 3464 aetate
1019 3399 1133 3486 Operis
1156 3401 1284 3484 eiusque

117 3519 122 3530 ·
159 3507 308 3570 acetaria
353 3505 433 3570 Nam
463 3525 533 3572 cum
562 3507 629 3588 ipse
658 3507 776 3572 Auctor
797 3504 936 3570 incertus
959 3507 1015 3586 sit,
1048 3511 1080 3570 et
1102 3505 1174 3570 libri
1196 3511 1283 3570 aetas
1312 3537 1318 3548 ·

158 3609 278 3675 incerta
300 3609 432 3676 dicenda
454 3615 511 3674 est.
556 3609 690 3676 Frustra
712 3628 787 3690 ergo
809 3609 965 3690 inquiras,
991 3609 1048 3675 sub
1072 3611 1160 3674 cuius
1184 3608 1284 3688 Impe-

158 3713 273 3778 ratoris
301 3732 397 3794 regno
427 3710 505 3778 Cato
536 3712 744 3794 Philosophus
772 3711 893 3776 vixerit.
938 3712 1128 3776 Testimonio
1159 3709 1284 3792 quidem

160 3815 334 3882 Vindiciani
367 3814 496 3881 Comitis
526 3816 763 3882 Arclrlatmrum
793 3816 825 3879 in
855 3815 996 3896 Epistola
1025 3815 1065 3879 ad
1095 3813 1286 3879 Valentinia-

160 3938 235 3984 num
264 3920 280 3984 Ι
308 3921 532 4000 Imperatorem
569 3920 736 4002 probatur,
772 3917 900 3983 Catonis
930 3917 1072 3982 Disticha
1104 3922 1178 3982 ante
1204 3917 1287 3982 hune

161 4023 385 4102 Imperatorem
408 4025 525 4104 scripta
548 4041 626 4088 esse.
671 4023 780 4104 Aeque
803 4021 1047 4103 Cannegleterus
1074 4026 1182 4087 contra
1207 4021 1287 4084 Box-

161 4125 320 4205 hornium,
350 4125 404 4209 qui
427 4125 640 4191 Christianum
670 4143 738 4191 esse
759 4126 858 4190 voluit
884 4129 1058 4201 auctorem,
1089 4124 1288 4190 Constantini

162 4227 269 4312 Magni
284 4231 408 4296 saeculo
423 4230 559 4312 priorem
575 4248 645 4294 eum
666 4227 892 4295 demonstravit
906 4245 993 4308 capp.
1010 4227 1128 4294 XVIII.
1145 4232 1177 4290 et
1191 4226 1286 4301 xlm,
1312 4283 1324 4294 „

164 4331 304 4412 inprimis
327 4353 364 4399 ex
387 4333 445 4415 Ill,
470 4337 524 4398 12:

1050 4434 1083 4489 3*
