3148 5102
283 471 358 514 mv
744 443 943 495 nunnunnio.

371 601 521 687 Corporis
544 599 704 665 ouuiituru
731 581 851 664 medico
879 598 1056 664 committe
1047 597 1153 690 fideli.
1199 599 1267 682 Ego
1290 603 1404 682 autem,

284 720 313 771 ΙΙ
328 707 446 792 perito,
469 705 573 772 restiti
562 705 628 788 1(l.
652 705 799 784 restitui).

367 810 399 892 (2
403 809 425 893 ,Ι
460 807 594 873 Carolus
608 807 758 894 Maurius,
780 807 829 873 vel
849 805 1019 883 Alcuu'uus,
1042 806 1177 890 Cupitul
1201 806 1241 874 de
1255 825 1317 874 non
1332 761 1405 873 ede

281 914 388 981 randis
409 913 507 994 Imug
530 912 587 990 ΙΙΙ,
611 914 703 993 261).
727 915 806 976 432:

486 1017 540 1082 nit
526 1016 644 1082 tenim
666 1013 878 1100 Philosophus
904 1012 996 1078 Coto:

324 1120 455 1186 Somnio
476 1141 636 1202 recures,
658 1143 733 1182 uouu
754 1141 842 1183 mous
864 1118 1004 1183 bumaria
1026 1115 1113 1203 quod
1133 1131 1231 1204 optol,

327 1223 405 1289 Cum
427 1223 552 1309 utullus,
576 1236 697 1308 sperat,
712 1246 775 1308 per
798 1246 941 1288 somnum
962 1223 1064 1286 ceruit
1086 1220 1124 1285 id
1144 1223 1259 1307 iussum.

366 1329 422 1412 (3.)
453 1329 498 1394 lo.
524 1326 767 1394 Sarisbnricnsis
789 1327 842 1393 lib.
866 1327 937 1394 VII.
959 1327 999 1394 de
1020 1327 1120 1409 Nugis
1136 1326 1253 1392 Curial.
1277 1346 1344 1409 cup.
1369 1333 1403 1392 9:

365 1433 403 1497 In
424 1430 529 1498 libello
552 1447 676 1512 quoque
698 1447 760 1510 quo
788 1429 911 1512 purvuli
941 1429 1126 1506 initiantur,
1154 1434 1190 1495 ut
1211 1430 1338 1496 uirtutis
1360 1431 1405 1496 in-

280 1536 413 1602 structio
435 1538 467 1599 ei
488 1552 564 1599 usus
587 1533 703 1600 teneris
731 1533 866 1599 ebibitus
894 1532 985 1599 annis
1007 1532 1098 1599 facile
1120 1538 1257 1616 nequeat
1277 1533 1404 1614 aboleri,

274 1640 428 1720 quoniam
451 1643 483 1704 et
505 1641 587 1703 testu
610 1636 728 1701 diutius
750 1641 856 1702 servat
878 1636 1006 1702 odorem
1033 1637 1117 1718 ciue,
1149 1655 1211 1719 quo
1234 1637 1330 1704 semel
1351 1637 1404 1702 im-

279 1744 357 1810 buta
377 1761 487 1812 recens
510 1746 573 1818 est,
600 1741 646 1806 ait
673 1739 723 1803 oei
753 1737 832 1803 Cato
862 1737 913 1802 ool
938 1737 1042 1815 airus,
1063 1763 1140 1804 uam
1168 1753 1279 1805 auctor
1308 1740 1405 1804 iucur-

281 1858 335 1910 tus
359 1858 419 1910 cst:

333 1941 335 1946 ’
417 1927 628 2014 Mulcul
627 1951 701 2016 eoos
716 1926 910 2014 socitteoe

364 2054 397 2134 (4
399 2054 421 2136 .)
377 2053 600 2118 4Iucertus
617 2064 706 2114 votus
721 2049 843 2113 Auctor
862 2047 1102 2114 Cauillouuruu
1117 2051 1241 2133 piarum
1256 2071 1275 2118 a
1291 2053 1403 2118 Mutth.

279 2156 383 2223 Flauio
405 2157 548 2239 Illyrico,
578 2155 633 2240 qui
662 2173 716 2220 cus
746 2152 870 2220 Hildeb.
907 2153 1133 2221 cenomanensi
1164 2155 1300 2222 adscribi
1322 2157 1405 2233 velit

279 2259 503 2343 Msgdeburgi‚
530 2277 610 2325 anno
644 2257 740 2338 1552,
776 2262 809 2323 ΙΙ
795 2256 933 2322 tBasii
971 2262 1051 2323 1557
1085 2258 1258 2341 editurum,
1291 2257 1404 2325 Cantii.

278 2362 351 2443 XII,
374 2383 402 2428 Ι.
430 2367 484 2428 ΙΟ;

638 2446 672 2513 Si
696 2447 810 2529 legisse
832 2465 987 2514 memoras

637 2549 788 2614 Ethiooru
814 2548 952 2632 Catonis,

513 2713 516 2722 .
637 2657 675 2721 In
698 2673 761 2738 qua
784 2656 935 2738 scriptum
961 2654 1092 2740 legitur:

635 2757 776 2822 Ambuio
799 2779 869 2822 oum
893 2758 992 2821 bouis

363 2887 420 2970 (5.)
448 2885 660 2950 Eberhardus
683 2887 717 2950 iu
738 2885 940 2972 Labyriutbo
964 2906 991 2950 v.
1016 2888 1072 2950 ul:

431 2992 508 3057 Inde
530 2995 618 3058 tenet
640 3009 754 3074 parvos
776 2989 917 3056 lacerata
938 2989 1041 3055 fronte
1065 2985 1208 3066 Gotones,

433 3095 508 3160 Illos
532 3094 676 3176 discipuli
698 3113 754 3174 per
775 3099 877 3160 metra
899 3093 972 3160 bina
992 3093 1111 3176 legunt.
1192 3153 1195 3159 .

481 3197 525 3262 Et
546 3215 639 3263 versu
663 3200 742 3262 601:

380 3297 498 3366 Semita
521 3301 673 3366 virtutum
696 3304 784 3367 catus
807 3304 856 3366 est
878 3296 964 3380 outo,
987 3299 1098 3381 regula
1119 3319 1250 3381 morum,

379 3403 479 3481 Quem
501 3404 593 3469 metri
615 3404 755 3470 brevitas
777 3404 874 3470 verbu
896 3403 994 3485 polire
1015 3408 1120 3486 negat.

363 3507 419 3588 (6.)
455 3505 562 3570 Laur.
592 3505 688 3570 Vallo
710 3507 762 3572 lib.
787 3507 833 3573 IV
855 3506 944 3589 Eleg.
968 3525 1034 3587 cap.
1059 3507 1114 3571 le:

363 3609 460 3675 Cuius
482 3609 529 3675 rei
551 3609 712 3676 admoneri
735 3616 819 3676 certe
842 3610 1096 3689 debueruntt
1041 3609 1115 3677 trito
1137 3611 1190 3678 illo
1213 3628 1316 3691 versu,
1338 3632 1405 3673 uos-

228 3723 232 3730 '
276 3711 324 3775 oio
347 3734 440 3774 cutus
462 3711 521 3775 ΙΙΙ
541 3727 606 3777 cert
607 3737 622 3777 Ι
638 3715 671 3777 iu
674 3727 720 3777 tor
736 3727 883 3778 auctores
899 3714 1037 3777 minutos
1052 3713 1271 3795 Latiuissirni,
1294 3727 1322 3777 ΙΙ
1345 3735 1405 3799 quo

276 3795 362 3863 mille
386 3797 480 3861 aurcis
501 3820 588 3864 uerno
612 3823 738 3864 carmen
761 3800 895 3887 scripsit
917 3800 1107 3886 eloquentius:

267 3935 269 3940 ·
400 3900 570 3984 Indulgere
593 3903 686 3986 gulae
707 3903 781 3979 nuli,
804 3923 885 3986 quae
908 3923 968 3970 ven
970 3905 1028 3968 tris
1055 3903 1156 3969 amica
1178 3907 1235 3969 est.

362 4003 419 4087 (7.)
453 4002 528 4068 Jod.
562 4001 696 4069 Badius
730 4005 904 4070 Asoeusrus
942 4005 1173 4074 Commentario
1202 4006 1235 4072 in
1263 4006 1405 4074 Disticha

257 4105 404 4172 -Cetonis
427 4105 479 4172 iol.
504 4107 565 4173 CL.
589 4128 623 4174 a:

360 4207 483 4272 Auctor
506 4210 575 4296 ΙῙΙΙΙ
598 4210 684 4274 latet.
731 4212 812 4276 Nam
835 4218 871 4276 ut
896 4209 1014 4275 Cotoui
1032 4217 1087 4279 aut
1109 4213 1237 4296 maiori,
1266 4215 1325 4282 hoe
1347 4219 1404 4291 est,

276 4311 435 4392 Censorio,
459 4319 516 4380 aut
537 4315 663 4397 minori,
687 4316 720 4380 id
743 4320 801 4396 est,
824 4315 967 4382 Uticensi
991 4317 1143 4400 ascribas,
1165 4324 1254 4385 aetus
1276 4336 1337 4383 non
1351 4337 1405 4401 pa·

277 4415 372 4498 iitur3
395 4436 464 4493 cum
488 4418 547 4492 boc
570 4437 648 4512 opus
671 4423 743 4510 post
766 4419 888 4509 Virgilii
911 4420 1095 4511 Lucanique
1117 4423 1234 4508 scriptu
1257 4421 1404 4510 composi·
1451 4432 1455 4442 ·
