3148 5102
292 420 347 462 555
401 457 407 465 ,
749 399 953 455 pertusulo.

291 552 350 619 555
363 556 509 619 exaratus
531 569 612 620 saec.
634 554 720 621 XIV.
742 554 997 638 inscriptionibus
1019 571 1145 636 carens,
1174 554 1282 621 literas
1304 557 1415 621 autem

292 654 428 723 initiales
449 655 583 722 55555555
608 657 776 724 ostendens
804 663 878 738 ante
906 657 1046 741 singulos
1073 657 1180 728 libros.
1227 657 1276 726 Ad
1298 653 1419 726 calcem

292 759 442 844 scriptum
464 765 528 828 cst:
550 759 747 856 EXPLICIT
770 760 920 829 GATHO.
1448 760 1452 768 '

149 887 223 928 555.
236 885 265 926 u.
378 863 453 947 (15.)
485 861 560 931 (lod.
581 864 615 930 M
637 883 669 929 5.
686 868 778 930 7575.
802 870 948 934 constans
969 883 1024 932 ser
1037 863 1119 932 foliis
1134 865 1306 932 membran.
1330 868 1421 932 octo·

140 966 199 999 ⁸⁸⁰⁰·
214 955 275 999 m·
292 966 342 1034 nis
365 966 505 1033 eiusdem
516 966 640 1034 Gothici
663 966 852 1036 characteris
867 973 963 1050 atque
980 969 1178 1064 aetatiscum
1200 967 1419 1050 antecedente,

293 1088 402 1137 carens
424 1069 501 1137 item
521 1071 786 1154 inscriptionibus.
829 1071 917 1139 Libri
939 1071 1055 1156 singuli
1079 1073 1183 1140 rubrIs
1205 1073 1265 1139 litt.
1288 1070 1416 1142 initiali-

292 1173 352 1240 bus
377 1173 517 1240 distincti
546 1179 628 1242 sunt.
673 1175 717 1240 Et
746 1175 877 1241 5555555
908 1179 941 1242 55
973 1177 1151 1260 ignorantia
1183 1177 1287 1243 scriba
1321 1193 1419 1258 saepe

291 1277 399 1359 lapsus
422 1281 478 1343 cst.
523 1278 650 1360 Integer
671 1279 796 1360 quidem
819 1277 925 1346 codex
947 1285 996 1346 est
1017 1280 1073 1348 sed
1095 1280 1196 1348 malae
1218 1285 1320 1346 notae.
1366 1277 1419 1344 Ad

293 1381 409 1448 calcem
423 1377 526 1465 prima
544 1399 656 1448 manus
671 1383 776 1466 posuit
791 1381 869 1450 illud
884 1383 1012 1451 lemma:
1034 1382 1172 1469 Explicit
1185 1385 1207 1452 li
1222 1383 1314 1452 catho
1338 1381 1418 1448 dans

293 1485 498 1568 castigamina
518 1490 603 1552 nato.

150 1612 222 1654 555,
238 1613 265 1656 v.
379 1589 456 1672 (16.)
490 1587 567 1656 Ood.
591 1589 618 1656 V
640 1609 670 1656 5.
695 1593 787 1657 6345.
822 1589 959 1658 Oolhcrt.
975 1594 1037 1658 vet.
1053 1608 1138 1658 num.
1156 1595 1235 1658 2981
1253 1591 1285 1656 in
1296 1593 1417 1674 septem

138 1691 198 1724 ¹¹¹¹¹
213 1682 565 1760 Κ111511155551555.
588 1693 774 1760 laevissimis
799 1695 961 1776 quaternis
990 1695 1060 1760 mai.
1084 1695 1241 1779 integrum
1264 1694 1416 1762 Catonem

293 1795 500 1879 conplectens.
537 1796 669 1864 Saeculo
683 1797 759 1866 XIV
780 1797 916 1864 maxima
938 1817 1008 1865 curn
1031 1797 1192 1882 dibgentia
1214 1803 1361 1866 exaratus
1384 1802 1417 1863 et

292 1899 399 1966 moltis
420 1899 521 1964 modis
544 1903 674 1967 ornatus
697 1905 755 1967 est.
795 1900 921 1967 Literae
943 1900 1078 1968 initiales
1096 1905 1227 1968 auratac
1249 1906 1282 1967 ct
1302 1901 1416 1983 pictae,

292 2003 455 2070 caeruleae
477 2008 509 2070 et
526 2003 641 2070 uirides
657 2005 892 2087 conspIcIuntur
913 2008 1009 2087 atque
1024 2009 1207 2071 ornamenta
1228 2005 1260 2070 in
1275 2004 1416 2086 margine

292 2123 373 2188 quae
396 2106 576 2172 decurrunt.
609 2107 659 2173 Ad
674 2109 790 2175 calcem
804 2109 952 2192 leguntur
966 2108 1059 2175 haec:
1083 2109 1211 2175 LIBER
1234 2107 1414 2175 CATONIS

292 2208 376 2274 DEO
387 2208 569 2276 GRAOIAS
582 2209 711 2276 AMEN.
745 2210 833 2278 Libri
844 2212 949 2294 quarti
961 2212 1093 2279 disticho
1107 2217 1146 2278 25
1160 2213 1327 2296 (Laudaris
1341 2212 1413 2294 etc.)

292 2331 373 2380 nova
394 2314 494 2379 maior
515 2314 607 2380 litera
628 2314 757 2380 555555155
780 2315 854 2382 data
877 2321 935 2382 est.

377 2406 448 2482 Non
464 2435 577 2500 operae
587 2417 722 2500 pretium
735 2417 817 2496 duxi,
834 2416 983 2484 Codicum
999 2437 1162 2486 numerum
1174 2437 1303 2502 augere;
1317 2437 1414 2486 unum

292 2524 398 2586 tamen
420 2521 536 2587 addere
557 2521 628 2586 5555
649 2521 761 2604 placet,
783 2521 867 2603 quod
890 2521 1034 2591 555555.
1057 2524 1145 2589 XIII.
1169 2528 1306 2606 spectat:

62 2653 69 2700 ς
132 2644 284 2688 aaaron
378 2625 456 2708 (17.)
490 2622 566 2692 (lod.
589 2623 766 2688 Berooasis
788 2643 819 2688 n.
842 2629 904 2690 403
927 2627 1087 2708 quaternis
1112 2630 1150 2690 12
1170 2626 1413 2694 membranaceis

239 2795 241 2802 ,
293 2725 375 2793 foliis
396 2727 520 2810 integra
543 2725 672 2794 Catonis
694 2727 828 2792 disticha
851 2712 1000 2794 exhibens
1023 2747 1093 2795 cum
1112 2730 1273 2811 perpetuis
1288 2727 1413 2795 scholiis

293 2831 458 2898 uberrimis
481 2830 655 2896 luculenter
677 2849 696 2895 5
710 2831 811 2910 prima
826 2847 921 2896 manu
936 2831 1070 2912 scriptis.
1109 2831 1259 2898 Sinnerus
1274 2832 1307 2897 in
1322 2829 1413 2896 Cata·

293 2935 364 3018 logo
387 2936 422 3002 T.
446 2935 505 3016 ΙΙΙ,
527 2954 556 3017 p.
582 2937 642 2999 546
670 2953 741 3000 cum
770 2954 808 3000 ex
836 2953 916 3002 saec.
938 2935 1002 3001 XII
1030 2953 1099 3002 5555
1126 2935 1219 3012 dixit,
1247 2933 1413 3017 neglegens

295 3057 376 3122 quae
398 3037 439 3103 ad
461 3037 576 3104 calcem
599 3037 695 3102 rubro
718 3041 893 3103 atramento
916 3037 1032 3120 scripta
1053 3042 1141 3103 sunt:
1175 3039 1355 3120 „Parisetus
1377 3036 1414 3102 de

294 3142 500 3208 donceverino
523 3141 655 3222 scripsit,
670 3140 727 3206 hos
749 3141 846 3207 libros
869 3141 989 3224 (insunt
1011 3141 1092 3207 enim
1115 3147 1241 3224 praeter
1263 3141 1413 3207 (latorem

294 3243 447 3312 Theoduli
458 3243 579 3326 ecloga
612 3243 742 3324 0555555
754 3244 793 3310 55
805 3245 942 3311 remedio
953 3245 1068 3312 amoris
1081 3250 1113 3312 et
1123 3245 1249 3328 Magist.
1263 3242 1414 3310 Matthaei

294 3347 531 3415 vindocinensis
546 3365 657 3430 poema
671 3347 703 3412 in
718 3345 867 3414 Tbobiam
884 3347 996 3431 (nuper
1015 3349 1065 3438 55.
1081 3350 1120 3416 51)
1133 3349 1170 3438 ¹F.
1188 3350 1226 3415 Α.
1242 3348 1280 3415 G.
1296 3347 1413 3414 Moloe-

294 3505 370 3554 nero
386 3485 586 3569 Gottingensi
610 3485 704 3566 1855)
729 3505 810 3552 5555
833 3486 948 3552 domini
970 3460 1290 3570 Itid’Ooctuagesimo
1303 3488 1413 3568 quarto

165 3669 167 3672 ¹
294 3588 399 3656 finitos
420 3588 498 3656 ieria
519 3594 608 3656 sexta
629 3597 703 3656 ante
725 3590 914 3656 Invocavit.“
959 3591 1098 3656 initiales
1126 3590 1242 3657 rubrae
1264 3578 1414 3673 apparent

295 3698 328 3760 et
349 3693 512 3760 caeruleae
534 3698 567 3758 et
587 3691 620 3757 in
650 3693 718 3774 ipso
740 3693 819 3759 llbro
849 3698 881 3760 55
908 3693 939 3759 55
969 3693 1159 3760 scholiorum
1186 3693 1413 3776 partitionibus

295 3794 463 3862 Correctus
486 3800 534 3862 555
555 3795 669 3876 partim
692 3795 732 3861 ab
753 3795 822 3877 ipsa
837 3795 937 3877 prima
952 3814 1055 3875 manu,
1077 3789 1192 3876 'partim
1208 3816 1227 3862 a
1243 3797 1413 3880 glossatore

296 3899 423 3967 serioris
445 3899 567 3965 aetatis.
605 3897 701 3966 Liber
721 3899 838 3982 peiorIs
860 3903 963 3982 notae,
985 3903 1022 3964 ut
1044 3899 1120 3966 Cod.
1143 3919 1172 3966 n.
1200 3904 1270 3981 512,
1293 3901 1332 3966 de
1354 3917 1412 3983 quo

295 4009 436 4070 tacemus
445 4001 481 4086 θ).

17 4169 18 4200 r
147 4163 169 4197 ι.
177 4162 235 4194 aeae.
245 4151 273 4198 11.
365 4142 386 4210 ⁰)
404 4142 557 4195 Addendum
580 4149 620 4194 est
643 4143 809 4210 fragmentum
833 4157 883 4192 uon
911 4139 1137 4207 contempnendum
1160 4141 1207 4192 suh
1229 4146 1295 4192 tacto
1316 4138 1413 4192 aedium

295 4229 467 4283 Bibliothecae
484 4228 619 4281 Beruenais
638 4245 694 4279 cum
712 4227 799 4279 multis
818 4227 875 4278 aliis
894 4226 1071 4294 manuscriptis
1089 4245 1105 4278 5
1122 4244 1162 4279 me
1179 4233 1312 4293 repertum.
1348 4223 1412 4276 Con·

297 4322 347 4368 5555
364 4332 396 4368 ex
412 4333 463 4368 uno
481 4323 578 4368 tautum
595 4314 657 4366 folio
673 4315 871 4375 membranaceo,
890 4314 960 4366 cuius
978 4331 1028 4364 una
1046 4313 1139 4381 pagina
1155 4312 1218 4364 nihil
1236 4313 1318 4365 habet
1337 4311 1412 4380 perti·

296 4403 390 4456 netad
407 4402 516 4472 priorem
538 4409 635 4471 partem
654 4400 750 4454 saeculi
769 4401 795 4452 X
812 4399 934 4452 attendit
951 4417 966 4453 a
983 4399 1089 4454 disticho
1106 4398 1140 4456 33
1157 4399 1216 4452 libri
1233 4399 1320 4467 quarti.
1349 4397 1413 4450 (lha-
1463 4427 1470 4442 s
