3148 5102
299 471 352 512 m
754 449 959 502 salandrae.

297 605 496 685 praeceptum
518 602 690 668 natricum.
735 603 787 669 fol.
812 609 888 670 321:
919 605 1070 688 Sequitur
1097 613 1280 689 preceptum
1309 609 1418 673 metri-

300 724 371 771 cnm
393 705 596 771 Tricesimum
619 705 781 772 Octavum.
827 711 898 772 379.
922 707 957 774 b:
986 707 1122 790 Explicit
1147 729 1222 794 pars
1252 711 1422 777 matricalis

298 808 435 875 secunda
456 808 565 891 incipit
586 809 684 875 tercia
705 828 779 891 pars
801 808 941 882 feliciter.
986 811 1077 891 Quod
1101 813 1142 878 ad
1165 815 1267 897 ipsum
1292 811 1422 880 Catonis

297 917 417 978 textum
439 912 568 989 adtinet,
591 911 755 978 dicendum
778 917 836 994 est,
858 933 948 981 voces
971 915 1105 982 subinde
1127 917 1239 997 omitti,
1262 921 1299 982 ut
1320 917 1345 994 1,
1370 922 1421 982 19.

296 1015 326 1082 b.
350 1015 409 1095 ΙΙΙ,
431 1021 460 1082 4.
483 1015 513 1092 b,
536 1015 725 1082 mutationes
748 1021 781 1082 et
802 1018 1060 1100 transpositiones
1075 1024 1185 1085 contra
1205 1024 1340 1084 metrum
1361 1023 1422 1086 fre-

297 1121 439 1200 quentes,
460 1116 520 1196 ΙΙΙ,
544 1121 593 1182 15.
616 1117 646 1192 b,
669 1117 877 1184 correctiones
898 1117 1070 1202 liberiores,
1093 1121 1136 1198 ΙΙ,
1160 1126 1188 1186 6.
1209 1124 1239 1205 b,
1261 1129 1294 1190 ct
1314 1122 1422 1188 lectio-

297 1237 354 1286 nes
375 1203 518 1302 pfoprias
541 1219 608 1302 (IV,
631 1225 682 1286 44.
705 1221 737 1303 a)
760 1221 902 1288 inveniri.
939 1223 1045 1290 Habet
1063 1229 1102 1289 56
1123 1231 1301 1308 praecepta.
1340 1225 1422 1292 Scri·

297 1328 425 1406 pturae:
453 1343 622 1407 nunquam.
645 1342 779 1405 nanque.
811 1329 977 1410 ntranque.
1005 1327 1103 1394 uiciis.
1127 1328 1273 1394 stulticia.
1298 1328 1422 1394 damna.

297 1425 419 1492 damno.
453 1433 659 1494 contemnere.
693 1429 925 1511 contempseris.
958 1435 1120 1514 temptata.
1149 1432 1278 1498 autoris.
1311 1431 1421 1512 ceptis.

297 1547 358 1612 que
375 1558 417 1584 =
436 1549 526 1613 quae.
548 1528 676 1596 lictatur
694 1559 736 1586 =
753 1531 873 1599 litatur.
902 1532 1005 1600 thure.
1036 1535 1143 1602 bacho.
1174 1535 1287 1618 imago.
1319 1532 1421 1616 Saepe

296 1632 372 1698 lacit
393 1651 464 1700 cnm
488 1633 555 1699 cod.
584 1633 627 1700 M.
1443 1706 1445 1709 .

382 1741 409 1802 3.
442 1735 548 1803 Editio
565 1759 586 1799 a
604 1734 754 1819 Caesone,
769 1749 805 1802 ut
820 1736 955 1822 uidetur,
972 1739 1119 1825 obpressa
1129 1737 1277 1804 audior·
1284 1760 1312 1806 a.
1326 1744 1417 1806 1483.

294 1837 377 1906 Bibl.
401 1839 547 1924 Spencer.
571 1839 625 1906 IV.
649 1861 679 1924 p.
705 1845 873 1908 264-266
896 1863 926 1908 n.
950 1847 1022 1926 861,
1045 1843 1126 1911 liber
1143 1863 1284 1911 summae
1305 1843 1416 1910 rarita-
1549 1865 1550 1868 ¹

294 1945 346 2022 tis,
364 1962 456 2025 quem
478 1943 615 2012 libertus
638 1945 813 2028 ignorabat.
851 1944 985 2012 Constat
1007 1951 1047 2012 27
1071 1946 1152 2012 loliis
1174 1948 1205 2013 in
1228 1952 1258 2012 4.
1283 1947 1337 2029 (26
1353 1945 1416 2013 ΙοΙΙ.

295 2067 345 2131 cp.
368 2047 493 2114 Dibdin.
516 2048 536 2113 l.
559 2046 579 2113 l.
604 2067 633 2130 p.
658 2049 743 2131 266).
780 2049 818 2113 In
841 2046 914 2114 folio
937 2053 987 2115 27.
1011 2051 1074 2116 exit
1096 2069 1167 2116 cum
1188 2050 1300 2132 viginti
1322 2051 1418 2116 versi·
1550 2129 1551 2134 .

294 2154 353 2220 bus
375 2153 529 2234 Anglicis;
552 2152 704 2235 colophon
725 2153 831 2218 adest:
855 2153 979 2235 explicit
1001 2153 1102 2219 catho.
1138 2153 1260 2219 Folium
1282 2154 1416 2234 primum

293 2255 478 2338 inscriptum
500 2260 563 2321 est:
592 2255 657 2351 Hic·
678 2255 788 2337 incipit
816 2274 932 2338 parvus
959 2253 1067 2322 Chato.
1114 2256 1151 2320 In
1179 2256 1295 2338 pagina
1323 2256 1418 2321 tertia

292 2361 423 2443 legitur3
445 2360 504 2426 Hic
525 2356 596 2424 finis
614 2361 717 2446 parvi
735 2359 886 2426 carbonis.
930 2361 990 2426 Hic
1008 2355 1135 2443 ‘parvus
1157 2357 1255 2426 catho'
1277 2364 1350 2442 post
1370 2359 1416 2424 in·

292 2463 493 2544 scriptionem
515 2462 582 2530 folii
605 2469 621 2528 1
639 2463 859 2530 adumbratum
874 2462 936 2529 lert
955 2467 1200 2546 praeceptorem,
1223 2462 1324 2546 quiin
1339 2462 1417 2528 sella

292 2566 382 2633 sedet
395 2568 516 2649 virgam
531 2566 761 2650 disciplinarem
776 2567 886 2632 dextra
901 2572 1010 2633 tenens
1026 2571 1162 2648 anteque
1177 2584 1249 2632 cunr
1264 2569 1415 2649 quattuor

292 2688 416 2752 pueros,
439 2671 518 2736 duos
539 2670 571 2735 in
593 2671 734 2752 genibus,
756 2669 835 2736 duos
859 2675 989 2750 stantes,
1011 2671 1125 2753 quibus
1144 2689 1277 2753 poenam
1298 2669 1416 2735 indicat

291 2792 419 2840 manum
440 2773 600 2839 sinistram
621 2773 704 2839 iusto
726 2773 875 2838 maiorem
897 2774 1039 2839 tendens.
1084 2773 1198 2855 Incipit
1223 2776 1328 2838 autem
1350 2773 1414 2838 ita:

291 2875 356 2942 VM
377 2883 428 2942 aia
456 2877 620 2944 advertere
648 2895 742 2958 quam
770 2877 857 2942 hoies
884 2877 1023 2960 graviter
1051 2893 1165 2941 errare.
1210 2875 1297 2941 Haec
1319 2876 1415 2942 verba

292 2984 412 3063 septem
434 2981 576 3047 versibus
598 2981 801 3063 sequentibus
823 2981 951 3064 antiquo
980 2999 1123 3046 sermone
1145 2978 1276 3062 Anglico
1302 2998 1414 3062 conpo

292 3084 362 3150 sitis
384 3085 530 3165 explicita
552 3071 653 3150 sunta
767 3082 770 3096 '
938 3075 948 3096 “

394 3188 497 3254 Whan
518 3188 539 3254 J
560 3187 689 3253 adverte
711 3187 742 3252 in
765 3205 817 3270 my
839 3188 1096 3254 rememhraunce

394 3292 466 3358 And
488 3311 541 3358 see
555 3291 629 3358 holb
651 3290 722 3358 fede
743 3291 846 3357 solkes
870 3290 995 3374 (folles)
1018 3308 1110 3356 erren
1130 3289 1297 3372 grenonsly

393 3396 436 3462 ln
458 3395 512 3462 the
533 3415 601 3477 wey
622 3393 657 3460 of
675 3399 825 3461 vertuous
847 3411 1064 3477 govemaunce

393 3499 415 3565 J
435 3499 516 3565 have
537 3501 696 3584 supposyd
718 3499 751 3564 in
772 3517 846 3581 myn
867 3498 957 3564 herte
978 3496 1049 3562 that
1070 3496 1091 3562 J

394 3601 502 3684 Ought
523 3606 555 3668 to
578 3605 728 3684 suppocte
750 3602 813 3667 and
836 3599 985 3682 couuceyl
1005 3598 1174 3681 prudently

394 3706 491 3772 'lhem
514 3711 547 3771 to
570 3705 610 3770 be
631 3709 781 3770 vertuous
803 3705 836 3768 in
857 3703 991 3787 Lyuyng

393 3811 465 3876 And
485 3808 559 3876 holb
581 3809 656 3892 they
678 3808 747 3874 shal
768 3808 854 3873 thern
876 3805 939 3873 seli
956 3807 989 3871 in
1009 3805 1132 3870 honour
1150 3806 1260 3888 bryng.

376 3915 521 3982 Totidem
542 3913 695 3980 eiusmodi
717 3931 827 3979 versus
850 3911 917 3977 dati
938 3915 1014 3978 sunt
1044 3912 1074 3994 1)
1098 3908 1218 3975 verbis:
1246 3907 1348 3990 Igitur
1369 3905 1413 3972 fili

292 4018 452 4085 carissime
474 4017 591 4084 docebo
613 4021 645 4083 te
660 4034 722 4097 quo
737 4020 830 4098 pacto
852 4033 964 4080 mores.
1000 4015 1032 4096 2)
1045 4013 1157 4096 Itaque
1180 4012 1238 4079 deo
1261 4011 1412 4096 supplica.

291 4128 440 4206 parentes
469 4140 548 4187 ama.
587 4121 619 4202 3)
647 4120 835 4202 Magistrum
871 4123 985 4184 metue.
1045 4117 1123 4182 Rem
1155 4119 1243 4182 tuam
1279 4113 1412 4180 custodi.

292 4229 325 4310 4)
348 4225 461 4292 Libros
482 4226 561 4308 lege.
597 4223 709 4290 Libros
732 4222 825 4288 disce.
849 4220 933 4304 quod
946 4220 1059 4304 legeris
1075 4223 1239 4284 memento.
1269 4219 1300 4300 5)
1313 4217 1412 4282 Troco

290 4330 373 4396 lude.
417 4328 512 4396 Alcas
534 4327 617 4410 luge.
652 4327 783 4392 Pactum
806 4343 908 4391 serva.
949 4323 1024 4390 Istis
1045 4321 1187 4390 versibus
1202 4321 1316 4388 adnexi
1338 4323 1413 4386 sunt

291 4432 345 4504 alii
366 4437 452 4500 octo:
