3170 5090
606 488 607 491 ¹
711 451 815 504 LIBER
831 453 862 506 Π.
1293 457 1349 518 ,33
1411 407 1415 415 Ι

243 611 293 672 27.
329 607 418 686 Quod
442 607 593 690 sequitur,
616 611 734 697 specta,
757 607 902 691 quodque
924 608 1062 690 inminet,
1090 613 1163 676 ante
1185 603 1305 678 videto:

328 711 420 776 Illum
442 710 565 778 imitare
587 711 698 791 Deum,
720 715 843 792 partem
865 711 920 792 qui
942 716 1065 794 spectat
1087 717 1262 795 utramque.

242 820 294 882 28.
327 814 455 880 Fortius
477 817 513 880 ut
535 813 648 894 talcar,
672 813 829 881 interdum
852 815 976 896 parcior
999 820 1083 882 esto:

326 919 432 983 Pauca
453 915 608 999 voluptati
631 917 793 998 debentur,
818 917 911 1000 plura
933 918 1036 984 saluti.

242 1026 293 1086 29.
329 1020 481 1086 Iudicium
504 1021 610 1102 populi
632 1039 802 1103 numquam
825 1023 1048 1105 contempseris
1071 1043 1170 1090 unus:

326 1125 374 1190 Ne
396 1124 473 1188 nulli
494 1125 629 1206 placeas
652 1123 726 1189 dum
747 1124 795 1190 vis
818 1129 1037 1208 contempnere
1059 1127 1190 1194 multos.

242 1233 292 1294 30.
327 1226 375 1296 Sit
397 1227 455 1293 tibi
476 1227 651 1310 praecipue,
675 1227 759 1308 quod
781 1227 917 1310 primum
940 1233 998 1309 est,
1021 1249 1097 1297 eura
1119 1233 1247 1300 salutis:

235 1393 240 1403 ,
327 1332 482 1412 Tempora
502 1349 543 1396 ne
565 1331 681 1412 culpes,
705 1349 776 1397 cum
798 1331 840 1396 sis
864 1332 921 1398 tibi
943 1351 1037 1399 causa
1061 1334 1185 1402 doloris.

217 1507 259 1558 ed.
277 1506 373 1576 Gryph.
391 1505 478 1557 maiori
496 1505 580 1557 littera
599 1505 702 1558 Occasio
721 1512 787 1557 recte
804 1504 927 1557 scribitur.
946 1505 1011 1560 conf.
1029 1505 1128 1560 Auson.
1147 1508 1205 1572 XII,
1230 1512 1267 1568 32,
1282 1511 1345 1564 Sum

217 1596 283 1655 Dea,
302 1609 366 1660 quae
383 1611 438 1644 rara
456 1601 482 1644 ct
499 1593 586 1660 paucis
607 1592 709 1644 Occasio
727 1599 793 1644 nota.
829 1593 933 1644 Withof.
953 1591 1058 1646 Dissert.
1078 1597 1109 1652 II.
1129 1615 1154 1663 p.
1174 1597 1240 1652 550:
1269 1596 1346 1651 ‘Vera

216 1681 295 1732 lectio
313 1687 365 1731 est:
384 1679 477 1732 Fronte
496 1677 629 1746 capillata,
651 1679 750 1744 postica
767 1679 863 1730 occasio
887 1680 956 1731 calva
975 1688 1027 1741 est;
1053 1699 1103 1732 non
1122 1683 1232 1749 postico,
1256 1686 1296 1737 vel
1318 1695 1345 1738 ut

216 1767 294 1835 vulgo
312 1767 404 1834 legitur
421 1767 577 1834 ineptissime
593 1774 650 1829 post
668 1773 711 1818 eat.
739 1766 832 1818 Omnes
850 1773 900 1817 tres
918 1767 1013 1833 priores
1032 1785 1104 1820 voces
1123 1777 1181 1820 sunt
1199 1787 1272 1822 casus
1291 1774 1339 1830 abr

217 1855 302 1916 latini,
319 1854 418 1919 postico
434 1871 492 1906 vero
511 1851 684 1910 ἐλλειπτικῶς
701 1854 814 1920 ponitur,
832 1869 922 1919 nempe
938 1860 1022 1918 perte,
1041 1861 1069 1905 ut
1085 1854 1182 1907 Latinis
1201 1857 1341 1910 usitatissi-

217 1937 302 1992 mum’.
330 1939 402 1991 Hanc
419 1939 552 1992 lectionem
564 1939 688 1991 Wachius
700 1939 770 1990 haud
789 1939 864 1990 dubie
876 1939 1032 1990 verissimam
1044 1941 1106 1992 dicit
1120 1942 1236 1996 laudans
1250 1944 1345 1998 Sanctii

217 2027 355 2080 Minervam
374 2027 405 2076 de
423 2026 516 2092 Ellipsi
533 2026 577 2078 IV.
595 2044 620 2092 p.
639 2027 696 2080 625.
720 2027 755 2077 ita
776 2025 939 2077 scribentem:
966 2026 1059 2078 Fronte
1086 2028 1222 2095 capillata,
1242 2032 1346 2096 postica

217 2113 315 2164 occasio
333 2111 410 2164 calva.
446 2112 488 2162 Sic
506 2113 573 2162 enim
591 2112 726 2178 legendnm
744 2120 797 2174 est,
818 2112 992 2165 subaudiendo
1007 2121 1084 2178 purte
1104 2113 1212 2178 poetice.
1247 2115 1344 2170 Arnob.

215 2199 272 2250 Lib.
292 2198 322 2249 V.
341 2205 463 2262 cooperte
481 2195 591 2265 postica'.
626 2197 747 2250 Malscius
771 2216 817 2266 pro
840 2199 939 2265 postico
957 2201 1091 2266 supposuit
1107 2203 1213 2268 postico.
1233 2212 1290 2268 post
1309 2212 1344 2255 est

217 2285 314 2336 occasio
332 2284 404 2336 calva
421 2286 538 2336 Arutren.
557 2285 625 2352 (eum
643 2284 750 2336 Daumio
769 2284 881 2350 scilicet).
896 2293 956 2350 pont
973 2294 1009 2337 est
1030 2285 1132 2339 Occasio
1145 2289 1214 2340 calva
1230 2289 1342 2344 Seriver.

286 2373 328 2426 27.
355 2371 423 2435 quod
440 2371 553 2422 imminet
570 2371 621 2421 MV
639 2371 694 2424 Ital.
712 2370 770 2422 Bas.
788 2369 867 2438 Neap.
887 2372 958 2427 Cart.
980 2374 1039 2428 861.
1074 2373 1192 2438 Expecta
1215 2375 1285 2427 Leid.
1304 2377 1338 2428 11.

217 2459 301 2512 Ture.
319 2459 386 2526 Aug.
405 2459 481 2510 Vind.
499 2458 615 2524 aliaeque
626 2457 783 2524 distinguunt
801 2457 917 2522 quodque
935 2458 1054 2524 imminet,
1073 2466 1132 2510 orate
1150 2459 1240 2514 videto.
1271 2462 1340 2514 Scri·

215 2542 278 2598 rer(
292 2554 317 2597 et
331 2545 464 2598 Anubem:
493 2544 611 2610 qnodque
637 2543 750 2594 immittet
776 2552 844 2606 arete,
870 2544 960 2596 videto.
988 2552 1122 2614 spect-aque
1152 2548 1220 2613 quod
1250 2549 1344 2601 eminet
1398 2607 1399 2610 Ἴ

215 2633 287 2684 Leid.
304 2633 348 2683 III.
368 2632 459 2683 eminet
476 2631 499 2682 D
517 2631 558 2682 Pr.
577 2630 652 2682 Boill.
671 2629 795 2696 quicquid
812 2631 925 2682 imminet
945 2631 1008 2684 Ven.
1029 2635 1071 2688 91.
1098 2633 1191 2684 innuet
1209 2634 1281 2686 Cart.
1299 2637 1342 2690 83.

200 2725 312 2794 ¹partem
331 2717 375 2784 qni
393 2717 413 2767 T
432 2717 512 2768 Vena.
532 2718 573 2772 91.
592 2717 632 2771 93.
655 2725 753 2783 patrem
778 2718 822 2783 qui
839 2717 930 2768 sttt
947 2718 1005 2770 Ital.
1029 2719 1129 2786 (prem).
1154 2729 1283 2788 utrunque
1300 2722 1342 2776 Pr.

215 2813 351 2871 utrmnque
368 2805 497 2856 SEHKM.
521 2805 564 2871 qui
587 2811 703 2868 expectat
726 2811 861 2871 utrumque
879 2803 950 2857 Leid.
968 2805 999 2856 11.
1024 2813 1123 2873 patrem
1148 2807 1192 2875 qui
1215 2817 1343 2872 exspectat

215 2892 343 2958 utillnque
361 2891 427 2956 (cum
445 2888 542 2954 rasura)
561 2889 642 2940 Turic.
663 2888 708 2952 qui
724 2895 828 2953 purtem
847 2889 951 2944 Scriver.

286 2979 327 3032 28.
353 2976 454 3030 Fortior
471 2984 500 3026 ut
517 2976 558 3028 Pr.
578 2975 646 3027 Oaxt.
667 2976 725 3031 861.
752 2974 811 3026 Bas.
829 2975 909 3043 Neap.
924 2977 990 3033 1658
1003 2975 1104 3031 et‘Vet.
1118 2979 1342 3034 charadrium.

215 3067 283 3134 Aug.
302 3065 378 3116 Vind.
400 3063 480 3117 Euch.
499 3063 581 3115 Trem.
599 3063 682 3114 Palm.
700 3063 780 3114 Pstis.
798 3063 1224 3135 91011100011111011.01110019
1246 3071 1341 3136 etipse

215 3153 336 3204 Arntzen.
370 3150 472 3202 Fortior
488 3165 521 3200 me
543 3149 578 3202 M.
603 3149 670 3200 Bell.
695 3149 793 3200 codices
816 3150 866 3201 mei
883 3158 983 3202 tuentur
1000 3152 1108 3204 Portica.
1145 3153 1216 3204 Oaxt.
1236 3155 1269 3209 89
1287 3155 1342 3204 for-

216 3237 280 3293 cius.
298 3237 394 3304 partior
411 3235 477 3288 RYS
495 3237 559 3292 Ven.
578 3238 619 3292 91.
638 3236 762 3288 volantati
779 3253 911 3304 perperam
929 3239 1046 3290 exhibent
1060 3239 1214 3292 collationes
1227 3241 1339 3308 quinque

215 3323 282 3375 Ooll.
300 3324 376 3375 Voss.
395 3323 452 3374 Vct.
472 3321 556 3374 Ohart.
575 3322 631 3376 Vct.
650 3322 713 3388 Reg.
731 3322 801 3374 Leid.
820 3323 853 3374 II.
872 3323 954 3374 Turic.
974 3327 1038 3375 conf.
1057 3325 1102 3386 IV,
1123 3328 1162 3382 10.

286 3411 327 3464 29.
354 3407 409 3460 Nec
436 3407 484 3458 utta·
509 3407 541 3461 V.
583 3405 652 3457 Nam
681 3408 749 3459 110111
775 3408 843 3460 Oaxt.
873 3409 914 3464 83.
944 3411 1118 3476 contempseris
1147 3411 1250 3463 RHTT.
1281 3429 1340 3464 con·

215 3503 343 3560 tempnere
360 3494 482 3547 RHETS.
501 3510 569 3544 caue
586 3493 603 3544 i.
622 3493 692 3545 solus
710 3502 738 3550 ut
755 3495 788 3557 11,
809 3499 835 3550 7.

286 3583 328 3637 30.
356 3580 457 3646 quodi.
477 3579 544 3647 quia.
566 3577 630 3632 conf.
656 3579 828 3646 Oannegieter.
852 3597 906 3648 cap.
930 3579 1017 3632 XXXI
1038 3599 1095 3649 pag.
1114 3584 1174 3636 499.
1215 3583 1342 3648 Tempore

216 3689 250 3724 ne
273 3669 360 3734 culpes
384 3667 400 3717 1.
423 3667 543 3734 temporis
570 3667 692 3718 incuriam
715 3657 750 3717 ne'
771 3683 866 3721 accusa.
906 3661 949 3735 Μὴ
973 3665 1042 3735 ψέγε
1066 3665 1116 3726 τὰς
1134 3665 1211 3736 ὥρας
1229 3669 1341 3738 Scaliger

216 3754 325 3824 (καὶμὴ
343 3753 456 3822 καιροὺς
474 3751 550 3804 αἰτιῶ
576 3753 728 3819 Planudes),
761 3753 901 3820 explicans:
928 3751 1011 3805 ‘Multi
1033 3763 1164 3822 aegrotare
1181 3755 1339 3822 incipientes,

216 3859 318 3896 caussas
337 3841 486 3893 valetudinis
504 3841 531 3891 in
548 3840 612 3890 ammi
629 3849 726 3905 tempas
744 3842 881 3892 conferunt.
916 3839 1043 3903 Autumno
1062 3858 1083 3892 e.
1101 3859 1137 3908 gr.
1156 3841 1238 3893 febres
1257 3843 1333 3910 vulgo

216 3932 410 3983 increbrescunt.
447 3929 568 3980 Onussam
585 3929 700 3981 homines
724 3930 751 3980 in
768 3936 928 3996 autumnum,
955 3947 1006 3981 non
1026 3930 1053 3981 in
1070 3929 1164 3982 rictum
1183 3929 1336 3982 immodera-

217 4027 271 4071 tum
289 4013 421 4084 rejiciunt'.
440 4031 472 4066 mc
490 4015 577 4084 culpes
596 4016 666 4069 Leid.
684 4017 704 4070 Ι.
723 4033 769 4068 aec
787 4017 853 4084 culp.
872 4017 943 4068 ΒΗΤ
962 4017 1032 4070 Leid.
1050 4017 1082 4068 II.
1111 4015 1175 4068 Ooll.
1190 4017 1265 4069 Voss.
1285 4018 1338 4068 Tu·

216 4105 260 4158 ric.
279 4105 396 4156 Arntren.
414 4103 518 4155 Withof.
545 4122 569 4170 p.
589 4105 640 4160 550
667 4104 777 4157 defendit
802 4122 848 4156 mcc
876 4106 978 4172 culpes:
999 4102 1149 4172 ‘praecessit
1175 4105 1243 4156 enim
1270 4105 1341 4157 aliud

216 4199 386 4260 praeceptum,
406 4208 512 4257 quocum
535 4191 583 4242 hoc
600 4191 769 4259 coniungunt.
804 4193 929 4259 Tempore
944 4211 976 4244 ne
999 4192 1030 4245 Ε.
1053 4199 1163 4258 tempore
1187 4207 1233 4242 nec
1256 4191 1289 4243 H.
1308 4207 1340 4242 rae

219 4279 420 4347 praeferendum,
438 4285 465 4329 ut
481 4278 502 4340 Ι,
521 4279 545 4340 T,
564 4277 709 4344 praesertim
728 4295 784 4330 cum
802 4278 911 4330 omnium
924 4278 975 4330 fere
988 4278 1108 4330 librorum
1121 4278 1267 4330 auctoritato
1280 4295 1338 4329 mu-

217 4369 297 4421 nitum
315 4369 355 4422 sit.
374 4383 420 4418 mec
438 4374 519 4418 ortum
543 4384 574 4418 ex
596 4365 723 4434 sequentis
741 4365 810 4418 verbi
831 4365 915 4428 initio,
939 4374 968 4418 ut
990 4365 1016 4416 in
1040 4365 1145 4418 disticho
1170 4366 1273 4431 subseq.
1291 4381 1338 4416 mec

218 4471 292 4507 cares
308 4474 333 4522 y.
371 4453 496 4521 Tempora
513 4454 617 4506 Erasmo
635 4461 694 4506 sunt
712 4459 875 4521 tempestates
898 4459 924 4504 et
941 4452 1005 4506 coeli
1022 4453 1166 4520 temperies.
1202 4451 1339 4506 Aruteenio
