3148 5102
618 443 821 497 renuerem.
1015 519 1018 526 Δ
1218 472 1281 513 m

153 607 225 668 tum
251 603 308 683 sit,
337 605 433 684 atque
461 599 514 664 illa
536 598 700 678 utriusque
732 601 805 680 post
837 603 968 664 mortem
997 601 1089 668 edite.
1135 603 1179 668 Ut
1207 623 1281 669 uero

153 705 295 770 Senecae
311 704 446 786 addices,
462 701 552 769 stilus
567 701 635 784 ipse
650 699 772 767 dicendi
787 699 974 784 refragatur.
1014 703 1161 788 Quisquis
1176 711 1281 772 autem

153 811 224 876 eius
249 813 343 876 autor
365 813 421 888 est,
445 811 565 874 certum
587 811 645 882 est,
668 825 739 871 eum
754 806 855 870 virum
878 809 911 871 et
931 807 1046 873 bonum
1062 815 1094 874 et
1107 810 1282 876 litteratum

139 919 187 986 et
211 913 355 995 apprime
384 911 559 976 modestum
587 908 693 975 fuisse.
738 908 860 974 Bonum
889 910 1030 992 quidem,
1058 912 1142 995 quod
1169 917 1218 980 tot
1239 915 1282 979 vi-

152 1016 252 1083 vendi
275 1015 506 1097 praecepta-ed
530 1013 730 1094 corrigendos
753 1031 875 1078 errores
897 1013 929 1077 in
944 1014 994 1079 via
1017 1014 1066 1094 (ut
1082 1017 1195 1098 inquit)
1219 1036 1281 1082 mo·

152 1137 227 1184 rum
252 1117 429 1199 collegerit:
453 1134 515 1197 quo
538 1133 601 1181 uno
623 1121 807 1197 argumento
829 1116 929 1199 liquet
949 1118 1052 1200 ipsum
1063 1120 1196 1186 Honesti
1217 1125 1282 1185 stu-

154 1221 298 1300 diosum3
320 1219 507 1300 praesertim
529 1237 600 1284 eum
615 1219 662 1283 vir
681 1223 747 1284 tam
770 1221 859 1285 anxie
876 1221 987 1286 doctus
1010 1227 1116 1289 contra
1140 1243 1174 1290 sc
1196 1241 1282 1289 suos·
1401 1263 1405 1274 ·

154 1343 218 1406 que
242 1342 347 1389 mores
369 1323 521 1388 noluisset
544 1323 674 1387 dixisse:
710 1323 815 1406 Turpe
844 1335 891 1386 cel
913 1321 1047 1406 doctori,
1075 1325 1162 1411 qaod
1187 1325 1283 1410 culpmi
1392 1381 1398 1392 .

153 1426 331 1514 redaryoc'c
354 1427 469 1511 queam
507 1425 680 1494 Litteretus
701 1431 807 1492 autem
822 1445 897 1493 sane
912 1428 1104 1511 perhibetur,
1127 1430 1282 1495 omnibus·

153 1552 217 1614 que
233 1551 298 1597 non
313 1531 427 1612 iniquis
450 1531 605 1596 iudicibus
627 1531 793 1612 videbitur,
817 1533 871 1614 qui
894 1533 961 1598 eius
977 1532 1094 1614 scripta
1117 1533 1283 1614 diligenter

153 1635 302 1719 legerint.
347 1635 509 1699 Modestus
538 1653 611 1699 vero
642 1633 691 1700 vel
720 1653 758 1698 ex
786 1653 821 1700 eo
848 1636 1016 1718 praecipue
1037 1637 1113 1701 mihi
1139 1637 1282 1712 habetur,

154 1739 242 1824 quod
267 1757 338 1803 cum
360 1741 409 1802 tot
430 1737 520 1802 bonis
542 1737 816 1819 praeceptionibus
840 1739 955 1820 optime
979 1739 1017 1804 de
1039 1741 1168 1807 urbanis
1190 1741 1283 1807 mori-

154 1845 216 1910 bus
250 1841 381 1907 meritus
415 1845 519 1906 esset..
560 1839 681 1907 Nomen
710 1846 816 1906 tamen
844 1861 935 1908 suum
965 1843 1130 1920 conticuit,
1159 1849 1195 1909 ut
1227 1843 1282 1924 qui

63 2015 77 2042 .
153 1945 370 2030 pulcherrima
392 1944 471 2010 bene
494 1941 570 2008 facti
591 1944 732 2026 praemia
754 1964 816 2010 non
837 1945 869 2010 in
884 1946 1087 2028 popularibus
1102 1947 1198 2028 auris,
1220 1966 1283 2012 non

154 2051 324 2133 applausu,
346 2067 408 2113 non
430 2048 461 2112 in
484 2037 751 2114 commendatione
781 2049 896 2130 plebis:
927 2051 984 2116 sed
1006 2039 1128 2133 in'ipso
1150 2051 1227 2132 Dec,
1249 2051 1282 2116 in

153 2155 226 2237 ipsa
247 2156 383 2230 vertute,
407 2157 439 2216 et
460 2153 491 2217 in
514 2153 597 2218 bone
619 2153 808 2218 conscientie
832 2157 1000 2236 reponeret
1021 2158 1079 2219 etc.
1124 2153 1205 2219 Nam
1227 2154 1282 2219 bo·

154 2263 280 2324 nostem
304 2259 337 2322 et
357 2253 545 2334 laudabilem
567 2253 664 2320 fuisse
686 2260 818 2322 constat.

243 2359 302 2443 (8.)
334 2357 449 2421 Faaac.
475 2355 670 2435 Qacbciaoos
693 2357 779 2440 Stoa,
808 2358 1009 2442 Epagraphie
1031 2360 1138 2425 Tertia
1160 2359 1200 2426 de
1221 2361 1282 2442 pri-

154 2464 213 2529 mis
239 2461 374 2545 Syllabis
396 2481 426 2544 p.
450 2465 501 2526 48.
525 2481 561 2526 a:
822 2497 823 2502 κ

243 2565 381 2632 Probus:
410 2562 582 2630 Laudamia
611 2563 816 2650 quodeunque
841 2563 953 2650 palem
976 2584 1004 2647 q.
1028 2584 1058 2647 p.
1103 2565 1174 2632 Non
1196 2571 1282 2650 pote·

154 2675 232 2735 runt
255 2688 317 2734 non
340 2669 448 2734 mirari
469 2669 630 2735 literarum
654 2669 802 2748 cultores,
824 2687 880 2734 cur
902 2669 961 2734 sub
976 2667 1081 2730 Probi
1099 2669 1193 2734 titulo
1215 2689 1281 2736 oar-

155 2793 228 2839 men
252 2772 472 2855 adlegaverim.
511 2772 586 2838 Ideo
610 2772 685 2854 quid
708 2776 841 2839 sentiam
863 2790 934 2836 cum
957 2772 1140 2840 diverticulo
1162 2779 1282 2855 proter-

155 2877 279 2942 minare
303 2876 402 2942 visum
426 2881 483 2940 est.
524 2875 715 2957 Opusculum
731 2864 810 2940 illud
824 2861 978 2951 floridum,
1002 2875 1137 2958 elegam,
1160 2881 1191 2941 et
1212 2896 1282 2959 per·
1382 2898 1384 2904 ·

153 2981 289 3062 politum
323 2997 520 3060 nequaquam
551 2977 679 3043 Catonis
715 2997 784 3044 esse
813 2978 944 3043 edocent
970 2983 1127 3061 tempora,
1157 2980 1282 3060 quando

155 3085 328 3162 Lucanum,
351 3079 520 3157 Nasonem,
550 3081 777 3163 Virgiliumque
804 3081 953 3162 legendos
981 3081 1161 3164 praecipiat.
1212 3083 1282 3149 Non

154 3188 237 3252 imus
260 3192 365 3251 tamen
387 3185 504 3250 infitias
528 3185 678 3250 Catonern
702 3185 740 3252 de
762 3185 902 3250 moribus
924 3185 1061 3250 libellum
1078 3185 1212 3266 posteris
1234 3205 1282 3251 re-

153 3290 300 3373 liquisse:
330 3289 392 3354 Sed
420 3281 466 3354 ex'
488 3289 536 3372 A„
550 3287 641 3352 Gellii
673 3287 777 3353 verbis
803 3305 915 3369 prorso
945 3305 1007 3352 non
1037 3305 1129 3352 uorso
1159 3288 1282 3370 eloquio

155 3394 367 3476 conscriptum
401 3391 590 3474 conjicimus.
646 3390 707 3454 Alii
742 3394 851 3456 tenent
879 3387 1028 3470 Senecae,
1064 3389 1117 3454 alii
1144 3387 1287 3453 Ausonii

154 3495 252 3563 tuisse
275 3495 371 3578 Opus
396 3495 511 3598 qo'dpus
534 3493 731 3576 astipularer,
754 3495 780 3558 si
803 3493 842 3559 ob
866 3491 973 3558 stilum
1000 3492 1093 3558 hosce
1116 3487 1179 3560 non
1201 3512 1283 3559 men-

154 3600 282 3666 tiretur:
318 3599 426 3683 itaque
458 3596 637 3660 Narmcnec'
670 3593 800 3662 Galeoto
834 3593 1028 3658 concordans
1063 3594 1148 3660 illoc
1170 3594 1283 3680 fuisse

155 3701 264 3766 Probi
283 3724 362 3786 opas
385 3698 587 3764 c‘redc‘derc'm.

241 3807 297 3888 (9.)
332 3805 432 3890 Bapt.
456 3803 539 3866 Piae
562 3802 601 3866 ad
625 3803 725 3884 Epist.
750 3803 800 3866 20.
818 3801 975 3870 Ciceronis
998 3801 1071 3868 libri
1090 3804 1129 3865 14
1146 3801 1186 3867 ad
1202 3801 1280 3866 Atti·

156 3925 226 3973 cum
249 3896 301 3973 iol.
326 3887 456 3972 205.¹b:

241 4012 360 4093 Magna
383 4016 431 4076 est
446 4011 493 4076 vis
516 4010 634 4092 ingenii
656 4010 765 4086 nostri,
789 4009 882 4074 immo
897 4014 997 4091 tanta,
1019 4014 1055 4076 ut
1071 4008 1110 4074 ab
1126 4007 1283 4090 aliquibus

127 4111 130 4116 '
156 4109 243 4184 alcior
257 4115 390 4195 enimus
406 4115 446 4180 ab
462 4115 531 4180 aliis
547 4115 692 4180 caelestis
707 4113 891 4196 appelletur.
931 4115 968 4178 In
985 4133 1079 4195 quam
1095 4112 1283 4178 sententiam

155 4219 364 4284 cothurnatus
386 4219 486 4284 Poeta
508 4221 552 4284 sic
573 4219 735 4285 Platonico
760 4219 881 4298 cecinit,
909 4217 1012 4280 Didae
1034 4215 1115 4278 baca
1138 4213 1284 4278 cadram

157 4321 315 4386 mentibus
339 4319 463 4384 addunt
484 4321 657 4408 Euryalo?
685 4345 726 4384 aaa
754 4345 815 4385 sue
838 4321 950 4406 cuique
971 4319 1063 4384 Deae
1077 4318 1122 4404 fit
1146 4316 1221 4381 diro
1245 4316 1283 4380 lc'-

158 4421 255 4492 bido?
298 4425 366 4509 Quo
398 4425 529 4498 trahunt
562 4425 660 4511 aliqui
694 4425 905 4509 Mysticoteri‚
940 4425 995 4514 qui
1025 4423 1109 4494 ultra
1139 4423 1284 4493 corticem
