3170 5090
633 451 738 505 LIBER
753 451 797 508 IV.
839 453 843 460 '

180 614 230 675 34.
266 607 384 674 Contra
405 607 561 674 hominem
585 607 704 672 iustum
727 627 823 691 prave
844 607 1031 675 contendere
1052 607 1132 690 noli3

266 711 396 794 Semper
418 712 501 778 enirn
522 711 608 777 Deus
630 713 763 778 iniustas
785 713 947 779 ulciscitur
966 713 1040 778 iras.

180 819 229 880 35.
263 814 391 896 Ereptis
413 815 525 898 opibus
547 814 612 880 noli
634 833 774 882 maerere
797 816 940 898 dolendo,

266 918 328 986 Sed
349 919 452 1002 gaude
473 919 588 1001 potius,
611 918 669 985 tibi
691 919 719 984 si
741 919 895 1002 contingit
915 919 1041 1020 habere.

162 1144 249 1178 omnes
269 1125 341 1178 codd.
358 1125 419 1177 velis
437 1125 548 1194 Scaliger
565 1127 628 1191 (velo
644 1125 776 1192 Malscius)
787 1134 812 1178 et
825 1126 928 1179 Withof.
945 1145 970 1193 p.
982 1126 1045 1182 570:
1065 1125 1188 1193 oppositio
1207 1125 1282 1176 remia

160 1221 186 1264 et
202 1209 262 1263 velis
279 1213 358 1264 multo
382 1213 524 1265 concinnior
545 1213 673 1266 redditur!
709 1213 799 1264 Tutius
825 1221 864 1288 est
885 1214 969 1266 velum
991 1214 1096 1264 multum
1118 1229 1193 1280 quam
1215 1211 1282 1263 tend.

160 1299 193 1351 V.
210 1299 312 1351 tendere
329 1299 355 1349 in
374 1297 425 1348 olto
441 1317 465 1349 x.

229 1386 270 1440 34.
287 1385 342 1436 noli
359 1395 425 1438 cont.
439 1401 519 1451 prove
536 1384 588 1436 DM
601 1384 680 1454 Oemp
692 1385 762 1437 Leid.
780 1386 825 1438 111.
845 1385 887 1437 Pr.
897 1385 1002 1440 Membr.
1016 1386 1073 1438 Ital.
1092 1385 1205 1437 ‘Chouet
1216 1383 1283 1434 Slor.

160 1469 237 1522 Boiu.
254 1469 328 1524 Cord.
347 1471 421 1526 Orno.
440 1481 466 1525 et
484 1471 566 1522 Palm.
584 1471 610 1522 in
628 1472 715 1540 marg!
746 1469 808 1522 Noti
826 1479 914 1522 contra
931 1471 994 1525 bom.
1012 1471 1105 1524 iustum
1132 1469 1284 1523 contendere

161 1575 238 1624 prave
263 1557 347 1609 Turis.
366 1555 447 1622 plene
471 1558 586 1609 contend.
612 1557 676 1609 coll.
696 1557 780 1616 Voss..
794 1575 873 1623 parve
898 1567 964 1610 cont.
989 1559 1093 1626 (parone
1116 1557 1180 1610 Ven.
1198 1557 1243 1622 91)
1258 1555 1285 1606 Z.

161 1642 244 1708 Saepe
262 1645 330 1695 enim
346 1643 414 1698 Illor.
433 1643 487 1694 irus
503 1645 520 1696 i.
542 1645 711 1696 contentiones
730 1647 797 1697 rixas
816 1646 862 1696 sub
882 1647 974 1712 quibus
994 1645 1189 1714 Canne‘gieterus
1206 1643 1286 1696 voluit

160 1731 308 1798 intellegere
324 1728 381 1780 lites
397 1731 446 1782 hoo
463 1751 552 1792 sensu:
571 1735 667 1786 homini
685 1734 750 1786 iusto
767 1734 886 1787 iniustam
903 1735 974 1786 litem
986 1753 1037 1787 non
1050 1753 1106 1788 esse
1117 1733 1285 1786 inferendam.

161 1825 228 1868 recte
245 1825 275 1870 et
299 1833 386 1882 provo
408 1819 457 1870 sibi
482 1827 642 1888 opponuntur
667 1819 888 1874 Terent'Phorm.
907 1821 939 1884 V,
958 1823 983 1884 2,
1003 1825 1026 1878 6.
1064 1822 1170 1890 Semper
1196 1819 1287 1872 etenim

162 1904 226 1956 deus
243 1903 286 1957 Pr.
307 1904 378 1958 Oaxt.
396 1906 437 1961 83.

232 2009 674 2064 35.merered010ndorssneiun.
695 2012 777 2064 Turio.
796 2028 905 2064 moerere
923 2011 974 2066 dol.
993 2011 1064 2062 Leid.
1082 2011 1127 2065 ΙΠ.
1143 2011 1198 2064 rell.
1218 2027 1288 2063 moe·

163 2111 219 2145 rere
237 2093 287 2148 dol.
323 2094 389 2147 ‘ves
408 2095 490 2150 Chart.
507 2097 604 2150 Veterr.
623 2099 685 2166 Reg.
704 2099 769 2150 coll.
788 2107 814 2149 et
825 2098 932 2150 Membr.
945 2099 1020 2150 Voss.
1033 2098 1097 2149 Edd.
1110 2099 1190 2150 Paris.
1205 2098 1291 2150 Trem.

165 2179 711 2248 0101111101.1111111111118011113
747 2169 863 2236 Arntzen'.
899 2184 1039 2246 Daumius,
1063 2184 1106 2250 qui
1129 2185 1227 2252 recepit
1249 2200 1291 2232 reo-

164 2265 209 2315 1110
224 2266 285 2330 flere
303 2266 437 2330 querendo,
456 2271 545 2320 refert:
574 2269 650 2322 ‘Veto
673 2271 751 2322 editt.
769 2270 918 2333 Ascensius,
933 2269 1064 2332 Lentulus,
1090 2277 1116 2321 et
1133 2269 1290 2320 Pulmsnnus

165 2351 199 2402 sd
211 2369 289 2402 orem:
313 2352 367 2404 noli
383 2371 493 2406 moerere
512 2355 631 2417 dolendo;
651 2358 738 2423 quiin
755 2366 824 2409 textu
842 2357 934 2408 edidit:
953 2356 1005 2407 ooli
1020 2354 1133 2422 gaudere
1155 2354 1290 2406 merendo’.

169 2437 224 2490 ‘Sic
243 2437 373 2504 (Arntzen.
392 2441 488 2508 pergit)
505 2442 614 2508 pessime
632 2443 750 2496 exhibent
766 2443 842 2497 Editt.
868 2444 991 2511 vulgatae.
1027 2442 1080 2493 Nec
1104 2441 1183 2493 multo
1200 2441 1291 2492 melius

167 2525 275 2578 Euchar.
293 2526 377 2576 Pulm.
396 2527 494 2578 Erasm.
515 2537 541 2579 et
558 2529 668 2596 Gryph.:
693 2528 746 2579 noli
760 2529 874 2594 gaudere
898 2528 1014 2580 dolendo.
1050 2528 1183 2580 Ridicule’·
1207 2525 1254 2577 ribi
1270 2525 1293 2576 ei
1367 2543 1371 2552 ·

167 2613 291 2679 contingit
307 2613 395 2664 RYuz
415 2616 463 2680 (sic
482 2615 602 2683 conting.)
620 2633 642 2668 x.
661 2616 706 2668 tibi
724 2633 800 2680 quum
818 2615 938 2680 contingit
962 2616 1051 2667 Daum.
1077 2633 1134 2666 cum
1152 2613 1292 2682 Scaligero,

168 2699 211 2766 qui
228 2699 291 2750 haee
309 2701 448 2766 profitetur:
468 2701 514 2752 ctos·
533 2720 610 2766 quum
629 2703 752 2768 contingit
769 2703 868 2768 babere]
889 2703 1030 2754 Planudes:

241 2783 330 2854 Χαῖρε
348 2785 507 2852 deperditos,
525 2787 585 2839 ἐπεὶ
603 2787 704 2858 συνέβη
723 2806 766 2839 σοι
784 2785 855 2858 ἔχειν
875 2787 1023 2839 &notescat

168 2873 224 2924 vel:
244 2871 310 2922 ὅταν
330 2871 450 2942 συμβαίῃ
471 2892 514 2925 σοι
531 2874 700 2942 κτεατίζειν).
739 2877 896 2942 Quamquam
915 2884 940 2926 et
957 2875 1071 2942 imperite
1089 2881 1114 2926 et
1131 2875 1236 2926 obscure
1253 2874 1294 2948 10-

170 2963 261 3027 quitur,
283 2967 368 3010 tamen
385 2968 493 3026 apparet
511 2961 659 3011 contrariam
677 2959 825 3011 sententiam
843 2959 972 3012 extulisse.
1007 2957 1072 3010 Nam
1090 2959 1152 3010 haee
1169 2965 1208 3010 est
1224 2975 1295 3010 mens

171 3045 337 3112 Gnomologi:
380 3045 596 3106 Quemadmodum
620 3045 795 3112 gaudendum,
814 3045 910 3110 quoties
928 3043 1050 3112 contingit
1068 3044 1167 3108 dobere,
1190 3045 1225 3096 ita
1246 3062 1296 3094 nou

169 3133 341 3192 moerendum,
359 3131 458 3196 quoties
478 3131 618 3182 desinimus
638 3132 744 3182 habere:
764 3131 831 3196 quod
849 3131 991 3198 expressius
1003 3131 1072 3198 apud
1084 3131 1204 3182 Senecam
1217 3131 1296 3196 Epist.

169 3223 215 3275 99:
235 3217 343 3268 ‘Danda
360 3233 439 3282 opera
456 3225 519 3278 erat,
539 3224 567 3266 ut
586 3217 665 3282 magis
682 3216 816 3283 ponderes,
836 3217 905 3281 quod
922 3215 1048 3280 habueris,
1074 3235 1151 3283 quum
1168 3233 1298 3279 moereres,

171 3305 238 3370 quod
256 3293 394 3358 omie'eros'.
434 3306 540 3356 Postea:
566 3301 645 3359 ‘Quid
667 3301 735 3352 doles
760 3302 887 3367 utrubi-ere,
912 3302 935 3352 ec'
957 3302 1072 3354 babuisse
1093 3320 1145 3353 nore
1166 3301 1298 3368 prodeetl’

172 3391 252 3454 Quam
270 3395 418 3446 sententiam
437 3394 549 3446 Senecae
567 3391 660 3443 melius
679 3391 855 3458 expressisset:
880 3389 926 3439 tibi
954 3389 1039 3453 qnod
1058 3389 1178 3456 contingit
1196 3388 1299 3442 dobere.

171 3476 217 3528 Est
233 3487 318 3535 autem
340 3481 420 3548 ligura
448 3477 545 3546 b'cspor
572 3476 709 3546 πρότερον
729 3477 797 3545 apud
821 3477 1018 3543 Gnomologum,
1042 3494 1092 3542 qua
1115 3484 1141 3528 et
1165 3475 1226 3526 alibi
1249 3492 1299 3526 non

172 3565 250 3616 semel
269 3565 364 3618 utitur’.
401 3565 513 3632 Scaliger
529 3563 615 3614 vertit:
633 3592 666 3602 -
684 3563 750 3614 ὅταν
771 3559 889 3630 νυμβαίῃ
909 3578 952 3611 σοι
969 3559 1128 3619 κτεατίζειν.
1147 3561 1298 3612 111111010-

171 3651 254 3716 tingat
272 3649 343 3702 TBV
360 3651 429 3703 Mox.
448 3651 512 3702 Ven.
532 3650 573 3704 93.
584 3648 690 3700 Membr.
704 3648 778 3700 Voss.
791 3647 859 3714 quod
871 3648 965 3699 multae
977 3656 1114 3714 sequuntur
1126 3647 1203 3702 Editt.
1216 3647 1296 3698 Euch.

174 3735 257 3788 Trem.
283 3736 369 3791 Pulm.
387 3736 467 3789 Paris.
486 3735 591 3786 Chouet.
609 3735 676 3786 Flor.
695 3735 791 3785 Erasm.
811 3734 907 3833 prph.
926 3734 999 3788 Cord.
1017 3743 1044 3794 et
1060 3734 1131 3787 Oruc.
1161 3735 1299 3800 inquibus

174 3845 258 3891 tamen
276 3841 414 3892 nonnullae
433 3837 553 3904 contingit
563 3837 722 3904 praeferunt'.
740 3837 860 3905 contingit
879 3838 964 3888 Turic.
989 3838 1007 3902 (i
1031 3855 1104 3906 expu.
1124 3853 1246 3903 suprascr.
1265 3837 1298 3901 s).

174 3923 204 3976 Si
223 3925 270 3976 tibi
287 3927 413 3992 contingat
430 3927 453 3976 D
471 3925 534 3976 Vsu.
553 3926 584 3978 91
609 3922 686 3976 Boilt.
705 3925 728 3974 si
754 3930 777 3974 te
802 3923 923 3989 contingit
948 3924 1043 3976 Vetere.
1072 3922 1138 3988 Reg.
1164 3930 1189 3974 et
1216 3922 1299 3975 Chart.

175 4012 197 4062 ri
224 4019 247 4062 te
274 4013 405 4078 contingat
437 4011 524 4076 (lamp.
550 4009 614 4061 Rex.
646 4009 709 4062 Vox.
739 4008 781 4059 Pr.
812 4009 869 4060 Ital.
893 4009 973 4060 Cextt.
996 4009 1056 4062 861.
1089 4008 1130 4062 83.
1162 4007 1233 4059 Leid.
1255 4008 1299 4058 Ill.

175 4097 280 4148 Ascens.
298 4096 322 4148 si
339 4097 467 4163 continpot
484 4095 580 4158 haberi,
600 4113 648 4146 om.
666 4095 720 4156 titi,
737 4094 807 4146 Leid.
826 4095 844 4146 1.
864 4097 951 4161 pocius
970 4094 1053 4161 gaude
1072 4093 1118 4143 titt
1129 4094 1152 4144 si
1170 4095 1300 4161 contingat
1353 4153 1356 4158 ¹

175 4183 282 4238 Membr.
303 4185 392 4251 pocius
409 4184 464 4248 tibi,
485 4201 534 4238 om.
553 4185 576 4232 si
594 4181 713 4248 contingit
729 4182 766 4234 M.
785 4179 849 4232 Noli
866 4189 895 4231 tu
911 4181 972 4240 flere
984 4178 1121 4246 querendo]
1153 4179 1182 4231 Si
1200 4179 1300 4232 divitiae

175 4270 329 4338 contingunt,
346 4269 442 4338 geude:
462 4269 484 4320 si
501 4277 601 4336 ereptos
617 4269 717 4332 luerint,
736 4267 787 4318 noli
806 4275 831 4319 te
849 4267 966 4328 cruciere,
985 4266 1031 4318 sed
1048 4274 1108 4317 tuno
1122 4274 1193 4318 utere
1212 4267 1298 4332 philo-

175 4355 273 4422 sophie.
309 4354 399 4422 Neque
418 4355 485 4407 enim
504 4361 602 4406 tuntum
619 4354 678 4405 boni
694 4355 797 4414 hebent,
815 4361 844 4404 ut
862 4353 894 4404 sit
906 4339 1042 4404 admodum
1055 4351 1199 4414 dolendum,
1218 4368 1301 4418 neque

175 4458 263 4492 rursus
283 4449 379 4492 tentum
398 4441 467 4504 mali,
492 4447 587 4493 utnon
609 4441 660 4492 sint
682 4440 791 4492 libenter
814 4439 988 4506 accipiendae,
1013 4440 1035 4490 si
1057 4437 1121 4489 forte
1144 4437 1299 4504 contigerint

225 4545 346 4586 11111111,
361 4545 431 4578 osro.
1079 4525 1094 4580 Ί
