3148 5102
655 487 858 541 PRAEFATIO.
1253 512 1307 552 m

187 644 427 727 descriptionem
451 642 546 725 dedit,
570 643 646 710 dicit
667 664 697 728 p.
725 645 800 710 lor:
820 639 899 710 ‘The
921 642 990 709 title
1012 643 1039 708 is
1062 662 1137 710 over
1164 663 1184 712 a
1211 645 1311 710 wood-

186 752 242 814 cut
262 747 297 813 oi
316 753 377 814 two
391 766 462 813 men
478 748 510 815 in
526 748 609 814 close
624 750 851 830 conversation,
874 768 915 814 an
930 748 1189 830 embcllishment,
1213 747 1312 814 which

185 851 208 917 J
229 851 320 916 think
342 853 362 918 J
384 851 464 918 have
486 871 561 918 seen
582 852 615 917 in
637 871 723 918 some
745 853 831 918 work
852 853 1018 934 published
1032 853 1074 934 by
1089 852 1211 918 Gerard
1226 852 1313 917 Leen

186 958 222 1020 at
248 951 412 1038 hntwerp'.
464 957 602 1022 Ebertus
629 958 683 1038 qui
709 957 791 1023 hanc
821 957 870 1024 ed.
900 956 994 1022 Basil.
1025 957 1159 1040 ignorat.
1190 977 1221 1039 p.
1249 957 1311 1020 290

184 1059 439 1141 Antwerpianam
469 1058 573 1126 adfert
599 1058 648 1124 his
675 1060 796 1126 verbis:
827 1059 906 1134 Cato
934 1059 1158 1126 moralissimus
1182 1077 1208 1124 c.
1233 1057 1310 1141 eleg.

185 1166 359 1228 commento
385 1162 465 1228 Rob.
496 1163 535 1230 dc
564 1164 754 1228 Euromodio
783 1166 884 1230 Antw.
915 1163 999 1230 Leen
1029 1165 1120 1229 1485.
1152 1165 1250 1244 1487,
1280 1169 1310 1226 4.

183 1264 307 1331 Folium
330 1265 501 1333 secundum
531 1266 571 1332 ab
597 1267 686 1332 initio
708 1267 821 1332 habet:
855 1267 969 1349 Incipit
995 1266 1074 1333 liber
1101 1266 1141 1332 dc
1170 1267 1312 1332 doctrina

185 1368 314 1434 Catonis
344 1370 512 1452 amphatus
541 1388 598 1451 per
624 1389 784 1437 sermones
814 1373 987 1438 rhetoricos
1021 1377 1053 1439 et
1086 1369 1228 1437 morales.
1256 1367 1312 1450 per

182 1471 313 1538 fratrem
336 1471 476 1538 Robertd
508 1472 546 1537 de
579 1472 771 1539 Euremodio
803 1476 989 1541 monachum
1024 1474 1225 1554 clarevallis,
1259 1472 1312 1556 qui

182 1575 355 1656 generosae
387 1574 501 1640 indolis
534 1575 769 1642 adolescentulo
792 1578 886 1643 Petro
909 1581 949 1643 de
968 1578 1099 1645 Saluciis
1121 1579 1237 1645 librum
1260 1577 1310 1641 dc·

183 1676 308 1742 dicavit.
353 1677 466 1743 Editor
499 1696 573 1760 ergo
602 1679 702 1744 Italus
726 1685 811 1758 erat,
842 1687 938 1763 atque
967 1681 1092 1748 duobus
1121 1681 1211 1746 annis
1241 1683 1313 1763 post

181 1780 261 1847 hacc
281 1779 377 1846 editio
392 1781 524 1863 Neapoli
546 1783 660 1848 iterum
681 1783 808 1864 prodiit,
832 1803 894 1866 qua
917 1782 955 1850 de
984 1803 1019 1849 re
1036 1783 1108 1849 vide
1123 1802 1204 1866 quae
1227 1783 1312 1848 dicta

182 1877 320 1950 suntad
341 1903 426 1950 num.
451 1888 469 1948 6
500 1885 751 1967 subsequentem.
796 1886 902 1950 Prima
929 1887 1044 1968 pagina
1072 1887 1136 1951 exit
1165 1905 1236 1952 cum
1257 1885 1307 1950 his

180 1987 300 2067 verbis,
328 2005 410 2070 quae
436 1986 606 2052 maioribus
635 1988 718 2070 typis
740 1988 884 2070 inpressa
908 1994 996 2054 sunt:
1024 1982 1074 2052 ³In
1097 1989 1156 2055 hoc
1180 1988 1309 2055 Catonis

180 2089 241 2154 viri
269 2090 467 2156 moralissimi
494 2088 624 2172 prologo
652 2091 759 2156 decem
782 2091 922 2172 decalogi
948 2097 1098 2174 precepta
1131 2097 1308 2172 ponuntur:

182 2197 271 2276 septe
293 2210 418 2276 quoque
432 2194 566 2258 virtutes
581 2199 691 2260 contra
705 2192 849 2260 mortalia
865 2199 986 2276 septem
1000 2194 1190 2276 perpulchre
1212 2195 1308 2259 inter·

181 2291 347 2362 seruntur’.
382 2295 563 2362 Sententiae
585 2315 610 2361 ε.
634 2301 801 2378 praecepta
824 2303 898 2361 suut
913 2298 1146 2378 quinquaginta
1160 2299 1308 2379 quinque,

181 2419 314 2483 quorum
349 2400 494 2465 ultimum
528 2403 592 2464 est:
627 2399 776 2465 Libenter
809 2418 927 2464 morem
959 2399 1048 2465 serto.
1102 2399 1309 2481 Trigesimum

180 2506 304 2569 sextum
327 2508 388 2569 est:
412 2501 600 2568 Maledictus
622 2519 662 2568 ne
685 2507 761 2567 esto.
801 2501 918 2586 Neque
928 2501 1041 2584 singuli
1065 2505 1215 2582 quattuor
1236 2500 1308 2566 libri
1363 2533 1366 2538 ι

180 2625 282 2689 neque
304 2605 439 2672 disticha
461 2604 585 2688 singula
606 2611 771 2670 numerata
799 2612 882 2671 sunt.
927 2605 996 2670 Hoc
1018 2609 1125 2672 autem
1147 2604 1308 2687 proprium

180 2709 369 2775 editionibus
393 2709 488 2775 Basil.
520 2717 553 2777 θῖ
582 2711 711 2792 Neapol.
740 2717 804 2790 cst,
833 2711 957 2794 singula
986 2716 1155 2794 praccepta
1177 2711 1309 2776 metrica

180 2830 255 2876 snas
284 2813 430 2896 qnodque
460 2814 679 2898 inscriptiones
706 2833 832 2897 gerere,
863 2835 890 2880 e.
914 2835 939 2882 c.
964 2816 1048 2880 Pura
1077 2821 1182 2881 mente
1215 2815 1308 2882 deum

180 2921 271 2982 tuum
293 2915 366 2998 (om.
391 2917 439 2980 ed.
463 2916 606 3000 Neapol.)
630 2936 710 2982 ama.
746 2922 773 2981 2.
798 2919 837 2983 de
866 2918 981 2999 vigilia.
1017 2922 1045 2983 3.
1070 2918 1213 3000 Linguan
1239 2919 1308 3001 (lin-

163 3038 274 3102 guam
297 3019 345 3084 cd.
368 3017 512 3102 Neapol.)
536 3039 705 3104 compesce.
749 3025 778 3086 4.
802 3022 917 3088 Notam
940 3021 1194 3087 contradictionis
1217 3039 1307 3086 caue

179 3129 212 3188 to
235 3129 294 3190 etc.
339 3121 504 3190 Lectiones
531 3125 692 3207 propriae:
728 3125 753 3206 Ι,
784 3130 834 3190 25.
857 3126 878 3192 b
902 3126 1011 3208 (verbo
1042 3126 1109 3208 sus)
1140 3129 1188 3190 30.
1205 3118 1232 3189 'a
1255 3127 1309 3206 (nc

179 3233 215 3292 tu
237 3225 319 3307 secl.
345 3231 394 3292 37.
419 3226 438 3292 b
462 3226 637 3308 (moderare
659 3227 741 3308 tibi).
774 3233 823 3294 39.
847 3247 876 3293 a.
902 3229 977 3310 (iam
999 3229 1096 3310 sunt).
1128 3233 1177 3293 39.
1200 3228 1221 3292 b
1245 3228 1307 3309 (est

179 3329 265 3412 om).
289 3330 331 3406 ΙΙ,
355 3333 383 3392 6.
408 3348 428 3394 a
449 3328 592 3413 (paruis).
631 3330 795 3396 Distichon
814 3334 949 3411 primum
966 3331 1038 3396 libri
1054 3331 1152 3395 Tertii
1174 3331 1205 3393 in
1220 3335 1307 3400 utra-

179 3451 242 3515 que
264 3431 400 3498 editione
422 3433 573 3498 omissum
588 3437 646 3514 cst,
668 3433 744 3502 item
759 3435 914 3500 distichon
930 3432 987 3514 lV,
1012 3437 1050 3498 35
1067 3431 1304 3515 (inrepsisse).

179 3535 346 3618 Inscriptio
369 3534 493 3628 Epilogi
517 3541 579 3602 est:
603 3537 705 3602 Huius
728 3539 831 3618 operis
848 3536 1014 3603 laudabilis
1030 3536 1196 3630 conclusio.
1236 3534 1305 3600 Sin-

178 3639 298 3720 gularis
327 3629 532 3706 consuetudo'
551 3645 614 3716 est,
643 3641 769 3706 scholiis
800 3642 839 3706 ad
871 3641 1018 3722 quodque
1049 3638 1202 3704 distichon
1226 3639 1305 3704 duos

178 3741 257 3806 alios
280 3741 398 3807 addere
419 3743 630 3824 hexametros,
660 3745 714 3824 qui
740 3745 832 3809 modo
850 3740 941 3809 ‘novo
965 3739 1087 3809 Catoni'
1111 3743 1203 3808 modo
1220 3740 1304 3808 ‘Oui-

178 3838 256 3909 dam'
279 3845 510 3923 adscribuntur,
532 3847 635 3912 rarius
659 3846 780 3926 Ouidio,
806 3847 936 3929 Aesopo,
960 3846 1078 3926 Persio,
1102 3843 1248 3910 Senecae.

265 3952 293 4012 6.
317 3947 423 4014 Editio
451 3946 670 4035 Neapolitana
699 3953 842 4032 inpressa
869 3968 926 4030 per
953 3949 1104 4013 Mathiam
1129 3948 1302 4013 Moravum.
1320 3975 1390 4026 neap.

114 4125 117 4132 ‚
177 4071 208 4118 a.
234 4053 325 4126 1488,
358 4056 388 4116 4.
418 4050 498 4118 Bibl.
522 4052 667 4136 Spencer.
691 4053 762 4131 Vll,
787 4057 922 4118 33-34.
956 4053 1086 4116 Panzer.
1111 4051 1143 4115 ΙΙ
1175 4067 1205 4132 p.
1232 4052 1302 4115 161.

176 4175 206 4222 n.
232 4159 282 4219 53.
325 4154 432 4220 Denis.
461 4175 491 4238 p.
510 4159 581 4222 243.
611 4177 641 4222 n.
668 4158 759 4221 1933.
806 4156 930 4223 Dibdin.
960 4155 1037 4219 dicit
1064 4174 1094 4236 p.
1119 4158 1177 4219 34:
1211 4154 1303 4221 Duke

94 4255 102 4276 ⁰
177 4258 209 4322 di
231 4257 370 4323 Cossano
392 4257 420 4323 is
442 4261 528 4339 quite
551 4260 757 4326 enthusiastic
784 4261 816 4324 in
846 4260 896 4325 his
918 4257 1183 4324 commendatioris
1206 4258 1240 4323 of
1260 4259 1302 4324 its
1353 4342 1359 4352 .

175 4362 292 4443 beauty
314 4361 377 4426 and
399 4362 506 4444 rarity,
530 4363 696 4446 observing
718 4364 788 4428 that
810 4363 836 4425 it
857 4363 885 4426 is
909 4362 1065 4426 unknown
1087 4366 1119 4424 to
1135 4361 1302 4441 bibliogra-

176 4464 271 4546 phers
294 4470 353 4531 etc.
389 4465 525 4531 libertus
548 4485 617 4531 eam
639 4467 813 4549 ignorabat.
852 4465 990 4548 Elegans
1011 4463 1062 4528 hic
1080 4463 1209 4600 libellus
1231 4483 1301 4531 oon-

1063 4568 1079 4624 2
