3148 5102
670 440 873 495 PRAEFATIO.
947 435 948 442 ’
1023 475 1027 484 .
1310 469 1331 510 v

204 599 272 663 PIT
295 595 517 662 PROLOGVS
542 595 764 662 LIBRORUM
787 595 966 662 CATONIS
990 596 1169 665 CORDVB.
1207 599 1255 664 Ex
1273 599 1331 667 hac

204 699 419 783 Inscriptione,
447 719 547 782 onam
576 719 732 783 nusquam
759 701 833 768 alibi
863 700 994 782 offendi,
1025 703 1106 768 duae
1140 720 1192 768 res
1227 703 1331 786 colligi

203 807 351 886 possunt:
384 803 414 886 1)
438 803 588 868 Catonem
617 823 679 869 non
708 803 811 885 operis
840 805 896 869 sed
917 805 1055 870 auctoris
1082 803 1179 872 fuisse
1206 823 1329 883 nomen,

201 912 234 974 et
256 907 288 991 2)
310 905 343 972 in
371 905 524 988 Hispania
558 907 724 1000 oriundum
761 925 830 974 esse
863 907 1032 974 auctorem.
1077 907 1127 974 Ad
1155 908 1236 974 hauc
1263 927 1330 974 rem

199 1009 281 1076 infra
302 1009 523 1076 reuertendum
552 1015 602 1076 est
629 1014 759 1093 propter
786 1029 931 1094 magnam
960 1010 1147 1077 iudidiorum
1174 1011 1213 1077 de
1228 1001 1329 1078 ‘uculo

198 1113 271 1180 libri
294 1113 521 1178 diversitatem.
567 1114 694 1180 Rubrae
723 1113 917 1196 singulorum
942 1114 1154 1196 distichorum,
1177 1135 1240 1182 non
1262 1133 1328 1180 ver·
1467 1153 1468 1164 .

199 1234 293 1282 sunm
323 1215 434 1282 literae
465 1215 601 1282 initiales
631 1235 701 1284 cum
736 1217 814 1283 atris
845 1217 1051 1284 alternantur.
1104 1218 1328 1299 Inscriptiones

200 1319 352 1386 librorum
375 1319 519 1398 secundi,
548 1318 634 1384 tertii
663 1324 695 1384 et
717 1320 821 1402 quarti
839 1319 1004 1386 ⁴INCIPIT
1026 1321 1154 1386 LIBER
1178 1320 1328 1398 SECVN-
1405 1348 1407 1356 s

200 1420 767 1500 ovs-TERTIVS-Qvnarvsnon
790 1422 908 1488 iterant
929 1441 1044 1488 noman
1066 1422 1203 1504 Catonis,
1226 1444 1328 1508 neque

200 1525 241 1590 ad
264 1525 379 1590 calcem
393 1525 564 1606 quidquam
579 1525 731 1608 scriptum
753 1529 810 1605 ast,
833 1525 917 1606 qnod
940 1525 979 1591 ad
996 1525 1146 1592 Catonem
1161 1527 1326 1610 pertineat.
1390 1569 1398 1572 -
1513 1550 1516 1558 ’

201 1626 391 1710 Saepissime
413 1628 540 1710 quidem
556 1646 626 1694 cnm
642 1627 718 1693 Cod.
741 1628 770 1691 R
785 1627 870 1708 facit,
892 1629 983 1694 aliter
998 1633 1103 1696 tcmmr
1117 1611 1217 1696 multa
1231 1631 1327 1698 verba

199 1729 322 1810 scribit,
367 1735 418 1796 ut:
452 1730 633 1810 habundus,
674 1731 885 1814 amplectere,
930 1749 1124 1813 conpescere,
1160 1751 1326 1816 conponas,

198 1834 350 1916 dampna,
373 1837 507 1916 tempta,
530 1834 662 1900 inminet
684 1837 744 1900 etc.
789 1834 908 1901 Versus
930 1833 974 1900 illi
1004 1835 1158 1919 secundo,
1178 1838 1271 1904 tertio
1294 1843 1326 1904 et
1460 1875 1462 1882 ι

197 1945 311 2019 quarto
334 1939 422 2006 libris
450 1936 614 2020 praemissi
640 1940 736 2005 etiam
769 1939 802 2004 in
834 1940 893 2006 hoc
921 1941 1028 2007 codIce
1056 1944 1092 2006 ut
1119 1940 1151 2006 in
1180 1940 1325 2008 omnibus

198 2042 277 2108 meis
299 2041 509 2110 inveniuntur.
554 2042 705 2108 Eiusdem
726 2042 792 2110 fare
814 2043 928 2110 aetatis
951 2048 1008 2109 ost.
1313 2117 1317 2127 ,

284 2149 302 2210 3
336 2149 369 2212 at
400 2149 429 2209 4.
464 2144 624 2210 Parisinus
658 2149 742 2210 8093
775 2146 807 2210 in
837 2151 866 2211 4.
898 2146 988 2227 mim,
1022 2144 1110 2215 cuius
1137 2145 1224 2228 prior
1250 2165 1528 2228 parsymfflnpa.

196 2247 299 2314 tendit
321 2267 340 2313 a
362 2247 435 2314 folio
456 2247 501 2312 '84
526 2267 626 2330 nsque
649 2248 695 2336 ad
710 2247 763 2313 fol.
788 2253 838 2329 93,
862 2249 1061 2331 conplectens
1083 2249 1204 2332 priores
1226 2249 1323 2316 libros

195 2369 295 2430 usque
318 2351 358 2416 ad
374 2351 428 2430 IV,
453 2355 492 2416 39
516 2349 605 2431 (cede
627 2349 729 2414 locum
750 2347 770 2412 l.
787 2346 807 2412 f.
831 2368 856 2416 c.
872 2354 966 2432 poten
982 2349 1015 2432 i).
1053 2347 1203 2432 Legenda
1217 2355 1323 2416 autem

195 2457 270 2518 sunt
290 2451 366 2520 folia
387 2453 446 2518 hoc
467 2453 592 2518 ordine:
616 2457 666 2517 84.
691 2455 742 2518 85.
767 2455 816 2516 86.
842 2456 978 2517 88-93.
1003 2457 1071 2517 87.·
1099 2451 1208 2518 Altera
1229 2452 1323 2519 huius

196 2555 360 2622 voluminis
382 2573 455 2638 pars
478 2555 518 2620 ab
542 2554 605 2620 alia
623 2554 762 2620 eiusdem
785 2555 902 2621 saeculi
924 2573 1018 2620 manu
1040 2555 1121 2622 binis
1148 2557 1322 2640 partitioni-

198 2645 292 2726 nibus
315 2659 433 2740 scripta
448 2656 537 2724 ,foliis
561 2663 601 2722 94
625 2662 657 2724 at
679 2659 906 2724 ascenaeret
926 2659 1035 2740 incipit
1049 2677 1119 2724 cum
1131 2659 1202 2726 libri
1217 2662 1322 2742 quarti

184 2763 329 2830 disticho
361 2761 507 2844 32(cu1n
536 2753 854 2828 fortunaidis‘crimina
881 2761 991 2845 peior).
1036 2761 1074 2828 In
1101 2764 1205 2844 priore
1231 2769 1322 2846 parte

192 2870 317 2948 prostat
344 2867 442 2934 rubra
475 2865 650 2948 inscriptio:
684 2863 844 2930 INCIPIT
872 2863 1083 2931 PREFATIO
1112 2865 1161 2930 IN
1190 2865 1320 2933 LIBRO

194 2967 383 3036 CATONIS.
421 2969 542 3036 Nomen
558 2967 687 3034 Catonis
710 2967 862 3034 omittunt
881 2967 1098 3051 Inscriptiones
1113 2969 1264 3035 librorum
1278 2971 1319 3036 Il.

91 3063 94 3070 '
193 3074 247 3141 III.
271 3078 303 3139 et
325 3073 390 3150 lv..
414 3092 495 3156 quae
517 3072 633 3138 rubrae
656 3077 730 3138 sunt
752 3077 784 3137 et
806 3073 851 3138 sic
873 3091 907 3138 sa
928 3072 1061 3139 habent:
1085 3070 1249 3139 INCIPIT
1264 3074 1320 3139 LI-

192 3177 277 3242 BER
310 3173 961 3258 SECVNDVSTERTIVS-QVARTVS.
1011 3176 1123 3241 Manus
1153 3179 1320 3244 correctrix

192 3278 264 3346 hinc
279 3279 352 3345 inde
368 3280 567 3360 conspicitur.
604 3279 765 3346 Posterior
787 3297 860 3363 pars
883 3278 965 3344 infra
985 3279 1038 3346 lib.
1056 3278 1102 3346 IV
1121 3280 1201 3346 hanc
1216 3285 1319 3347 osten-

192 3382 238 3448 dit
259 3382 379 3465 primae
399 3400 511 3448 manus
534 3381 784 3464 inscriptionem:
814 3381 1013 3447 EXPLICIT
1040 3383 1170 3450 LIBER
1192 3382 1318 3450 CATO-

192 3485 262 3551 NIS
284 3483 453 3550 HABRNS
476 3482 554 3550 CCC
577 3502 696 3550 versus.
740 3485 830 3550 Hanc
853 3486 893 3550 ad
916 3486 1031 3553 calcem
1053 3487 1188 3570 positam
1211 3487 1319 3553 inscri-

191 3589 329 3672 ptionem
350 3592 504 3672 praeeunt
528 3593 568 3654 38
590 3605 710 3664 versus,
733 3607 866 3672 quorum
887 3589 1009 3670 priores
1034 3589 1170 3672 adpono:

256 3691 316 3770 Qui
331 3690 419 3774 cupis
435 3709 504 3758 esse
518 3692 619 3758 bonus
635 3696 668 3757 at
682 3691 730 3757 vis
746 3691 907 3758 dinoscere
923 3693 1053 3759 verbum
1070 3692 1102 3776 (l.
1121 3693 1253 3776 verum).

257 3795 300 3861 Vt
320 3795 431 3862 mortis
454 3797 568 3861 sotium
590 3796 636 3861 sic
657 3795 788 3862 mordax
811 3794 913 3879 effuge
936 3796 1055 3862 vinum.

254 3898 349 3964 Nulla
370 3897 466 3964 fabris
487 3898 606 3965 homini
627 3897 726 3964 maior
748 3917 843 3982 quam
865 3904 901 3964 nt
924 3899 991 3965 eius
1010 3895 1113 3964 <umor

253 4002 412 4069 Inmodica
435 4001 521 4085 supt9
546 4001 716 4085 (sumptus)
739 4001 835 4068 vinclt
857 4003 951 4069 letale
978 4009 1110 4070 uenenr‘r.

253 4105 378 4172 Fortior
399 4105 471 4187 igne
494 4114 511 4168 a
534 4105 639 4172 uiroso
662 4103 710 4168 so
732 4103 807 4190 (set)
829 4105 950 4172 sontior
972 4123 1075 4188 angue

253 4209 322 4288 Qua
342 4213 378 4274 tn
401 4209 474 4276 vina
498 4215 612 4278 nocent
634 4213 694 4275 eto.

188 4311 266 4378 Post
288 4315 327 4376 22
351 4330 460 4378 versus
480 4314 600 4396 priores
616 4313 766 4398 scriptum
789 4320 853 4382 est:
877 4315 1052 4395 „Versuum
1067 4314 1199 4380 istorum
1213 4311 1313 4383 finis.“

193 4415 251 4481 Hir
274 4413 414 4480 adiuncti
435 4421 510 4482 sunt
530 4415 583 4482 alii
608 4422 646 4483 10
668 4433 794 4498 versus,
823 4403 956 4500 quorum
977 4421 1155 4499 postremus
1177 4417 1228 4485 hio
1250 4423 1313 4485 est:
1571 4371 1572 4424 t
