3170 5090
304 449 338 504 36
680 443 772 496 CATO
792 442 1039 496 PHILOSOPHVS.

327 603 368 688 [i.
406 603 563 668 Fortunae
585 601 707 668 damnis
731 619 854 684 semper
875 619 989 682 parere
1011 605 1183 666 memento:

403 705 473 772 Non
496 705 607 786 opibus
630 706 712 771 bona
734 703 818 770 fama
840 704 942 784 datur,
966 704 1022 770 sed
1039 705 1178 770 moribus
1204 705 1304 790 ipsis]

338 816 366 878 2.
402 811 480 876 Cum
502 815 587 875 recte
609 810 705 884 vivas,
728 827 767 873 ne
790 825 880 874 cures
903 807 1000 873 verba
1022 807 1184 886 malorum,

404 913 536 981 Arbitrii
557 931 620 978 non
644 917 692 978 est
714 911 822 991 nostri,
847 911 923 994 quid
945 911 1078 994 quisque
1099 912 1256 994 loquatur.

338 1025 366 1085 3.
401 1017 577 1084 Productus
599 1014 699 1096 testis,
722 1013 808 1080 salvo
830 1019 935 1080 tamen
958 1019 1031 1080 ante
1053 1015 1183 1097 pudore,

404 1122 696 1201 Quantumcumque
718 1124 817 1202 potua,
841 1118 941 1186 celato
964 1119 1079 1184 crimen
1102 1119 1203 1185 amici.

337 1231 365 1292 4.
401 1225 567 1291 Sermones
590 1223 720 1288 blandos
743 1223 928 1305 blaesosque
951 1241 1061 1288 cavere
1083 1230 1253 1289 memento:

404 1327 593 1410 Simplicitas
615 1325 682 1390 veri
703 1324 787 1391 lama
809 1331 867 1407 est,
889 1325 978 1392 fraus
1000 1324 1074 1392 ficta
1095 1325 1250 1410 loquendi.

302 1553 437 1606 Daumium
456 1560 531 1620 atque
548 1552 711 1604 Arntzeninm
730 1567 788 1604 cum
808 1551 938 1619 Scaligero
956 1551 1004 1602 hoc
1017 1549 1140 1602 distichon
1159 1551 1269 1618 (instrue
1281 1553 1339 1618 etc.)
1357 1559 1425 1604 tam-

303 1657 378 1706 quam
405 1640 514 1706 primunr
540 1637 610 1689 Libri
636 1637 702 1689 tertii
729 1637 813 1709 capite
840 1638 963 1704 posuisse.
999 1637 1145 1688 ‘Seriverius
1171 1647 1255 1689 autem
1280 1638 1346 1690 hane
1366 1657 1427 1690 esse

302 1727 377 1778 huius
395 1725 455 1776 libri
467 1723 659 1790 praefationem
676 1724 785 1774 alterum
802 1724 958 1785 existimarit,
981 1723 1098 1774 inductus
1116 1723 1179 1775 forte
1197 1725 1340 1796 auctoritate
1357 1725 1428 1776 MSti

302 1811 478 1864 Boxhorniani.
504 1811 622 1862 Arataen.
659 1811 784 1876 Equidem
801 1819 916 1862 neutrum
943 1810 1083 1878 accipiens,
1112 1811 1224 1862 ordinem
1252 1811 1426 1874 distichorum,

303 1915 378 1964 quem
396 1883 500 1963 plrstimi
517 1897 656 1962 optimique
674 1895 778 1947 Codices
796 1896 943 1960 indicarunt,
963 1897 1123 1948 statuendum
1141 1913 1197 1949 esse
1216 1899 1325 1949 arbitror
1341 1898 1424 1948 hunc:

305 1987 327 2038 l.
346 1985 369 2038 3.
388 1985 417 2037 2:
446 1981 502 2032 Hoc
521 1981 672 2047 quicuncque
695 2012 728 2059 .-
751 1983 830 2043 vc’tae;
859 1983 964 2034 Instrue
993 2011 1024 2040 —-,
1051 1985 1140 2035 mortis
1165 1984 1264 2050 imupo;
1294 1981 1427 2033 Ornmodn

302 2071 383 2121 multa
400 2098 431 2107 —
450 2069 590 2135 ncplcncrie
614 2069 706 2134 ipsum.
742 2072 797 2134 Quo
820 2080 892 2140 pacto
914 2071 989 2124 huius
1011 2071 1176 2124 Praefatiouis
1203 2071 1341 2122 sententiae
1358 2071 1426 2121 bene

296 2156 450 2224 ¹procedunt.

372 2295 395 2348 1.
420 2294 476 2348 Hoc
500 2297 625 2348 distichon
648 2313 730 2362 neque
752 2297 778 2347 in
801 2295 934 2349 (iudicibus
959 2314 1042 2363 neque
1062 2297 1088 2348 in
1105 2303 1165 2348 vett.
1201 2295 1283 2347 Libris
1302 2293 1425 2362 inpressis

302 2383 401 2450 legitur,
420 2390 495 2449 alque
514 2383 654 2434 aPlanude
673 2384 794 2434 omissum
807 2391 853 2437 est.
882 2383 1002 2435 Erasmus
1015 2399 1066 2434 non
1078 2383 1256 2450 interpretatus
1274 2389 1320 2433 est.
1348 2380 1425 2444 Dedi,

303 2477 331 2521 nt
349 2468 485 2520 Seriverius
503 2469 623 2537 concepit.
660 2468 772 2536 Scaliger
795 2471 907 2522 mutavit.
937 2467 1064 2521 Fortunae
1088 2467 1162 2520 donis
1185 2486 1241 2520 raro
1268 2472 1320 2518 ‘aut
1338 2485 1422 2535 parce,

305 2555 363 2622 quia
381 2555 529 2606 contrariam
547 2555 624 2622 priori
642 2556 790 2607 sententiam
808 2555 934 2608 concludit
951 2556 1073 2623 posterior
1092 2555 1196 2607 versus'.
1223 2553 1346 2606 Daumius
1364 2571 1426 2605 eum

304 2650 405 2694 secutus
425 2649 472 2704 est,
490 2641 608 2694 Arntzen.
627 2642 702 2716 olonis
721 2644 822 2710 recepit,
841 2659 939 2708 semper
956 2643 1067 2695 servarit.
1087 2643 1157 2694 dona
1170 2643 1305 2694 Fortunae
1322 2659 1353 2693 ex
1370 2641 1424 2693 (lic.

304 2729 360 2780 Am.
382 2729 422 2783 15.
442 2728 507 2779 conf.
524 2728 586 2781 Hor.
606 2728 634 2782 0.
652 2729 697 2790 111,
716 2730 741 2790 8,
762 2731 794 2783 Ἡ
813 2731 915 2794 ‘parere
928 2729 1055 2796 Scaligero
1075 2737 1113 2780 est
1133 2737 1258 2780 ostentare
1274 2745 1336 2790 sese,
1355 2743 1424 2789 πομ-

305 2811 449 2877 πεύεσθαι,
468 2811 697 2881 ἐλλαμπρόνεθαι,
716 2821 745 2865 ut
756 2815 837 2877 vertit,
856 2815 908 2868 sive
923 2814 1118 2882 φαντάζεσθαι,
1137 2814 1206 2865 cuins
1225 2831 1286 2866 usus
1304 2815 1425 2866 Amtcen.

304 2901 447 2967 exemplum
466 2903 572 2966 quaerit:
607 2901 675 2962 Quid
692 2903 793 2952 autem‘l
823 2902 922 2953 Inducti
934 2902 1055 2954 librorum
1073 2903 1221 2954 anctoritate
1237 2903 1286 2954 hoc
1299 2899 1426 2954 distichon
1485 2893 1489 2902 ’

304 3005 434 3040 censemus
460 2987 662 3054 supposititium,
686 2995 714 3038 nt
739 2987 934 3055 Gannegieterns
957 2995 1062 3040 exeunte
1085 3005 1138 3056 cap.
1158 2991 1204 3052 24,
1229 2990 1286 3050 ubi,
1311 3003 1375 3054 quae
1399 2985 1426 3036 in

303 3075 469 3128 Monostichis
486 3077 613 3143 leguntur,
632 3075 713 3127 adfert
731 3076 864 3128 lectionem
884 3077 963 3130 hanc:

371 3161 427 3213 Non
444 3162 534 3228 opibus
552 3163 619 3214 bona
637 3162 704 3213 fame
722 3161 801 3224 datur,
826 3161 871 3214 sed
892 3161 1004 3212 moribus
1023 3161 1103 3215 ulmis.
1140 3161 1245 3213 Withof.
1260 3179 1287 3228 p·
1305 3160 1356 3216 552
1375 3176 1433 3234 vo-x

302 3247 364 3299 luit:
382 3249 507 3300 Fortunae
525 3249 598 3300 donis
622 3257 693 3300 tenet
710 3251 848 3315 praeferre
866 3257 997 3301 memento.
1023 3253 1056 3300 ‘te
1080 3249 1163 3314 ipsum
1188 3249 1204 3302 i.
1224 3249 1337 3299 animum
1353 3254 1426 3298 tuum

305 3335 409 3401 eiusque
426 3335 497 3386 dotes
516 3343 640 3387 memento
658 3335 783 3402 praeferre
806 3334 912 3396 divitiis,
939 3336 1011 3386 bonis
1035 3335 1148 3386 fortunae
1167 3343 1192 3386 at
1210 3335 1333 3386 eiusmodi
1349 3335 1425 3384 rebus

302 3419 425 3482 externis,
451 3421 551 3488 proprie
577 3423 610 3474 ad
636 3439 681 3474 nos
708 3424 776 3489 ipsos
803 3441 854 3474 non
885 3423 1086 3490 pertinentibns;
1114 3423 1188 3474 etiam
1214 3429 1348 3487 praestare
1373 3421 1426 3487 legi

306 3506 409 3572 posset’.

369 3594 393 3646 2.
420 3591 485 3644 rives
501 3594 563 3648 Itos.
581 3594 652 3646 Laid.
670 3596 702 3647 11.
721 3595 785 3649 0011.
807 3596 881 3651 Voss.
902 3597 960 3648 Vct.
979 3595 1042 3664 Reg.
1061 3595 1125 3651 Edd.
1139 3595 1213 3647 (iord.
1227 3595 1302 3646 Orac.
1320 3609 1366 3646 nec
1380 3609 1424 3644 cu-

244 3735 246 3738 ,
301 3695 341 3729 res
358 3678 382 3728 Y
401 3678 482 3730 Turio.
518 3677 630 3731 Arbitrio'
652 3682 734 3732 nostri
756 3699 808 3733 non
834 3691 869 3734 cst
893 3683 995 3734 BDKM
1012 3683 1100 3749 Gamp.
1118 3681 1150 3734 X.
1185 3681 1257 3734 Leid.
1276 3681 1322 3734 III.
1342 3678 1425 3732 Turio.

300 3765 342 3816 Pr.
360 3765 417 3819 Ital.
436 3765 493 3819 Bas.
511 3767 591 3835 Neap.
609 3769 677 3822 Caxt.
696 3771 738 3825 83.
777 3771 840 3822 Ven.
860 3772 902 3825 93.
922 3773 996 3828 1658.
1025 3769 1163 3822 Arbitrium
1180 3787 1204 3820 n.
1224 3787 1246 3822 a,
1265 3766 1346 3818 nostri
1359 3767 1425 3817 Vox.

299 3851 396 3902 Veterr.
425 3848 509 3907 Chart.
536 3854 591 3905 rell.
618 3853 731 3905 Arbitrii
748 3874 773 3907 n.
793 3873 814 3909 e.
832 3856 922 3907 nostru.
950 3853 1037 3922 qullld
1064 3856 1148 3922 quisq.
1169 3857 1189 3908 Τ
1220 3855 1337 3924 (rasura).
1357 3851 1426 3916 quod

300 3938 406 4005 quisque
423 3937 521 3990 BKMX
537 3940 580 3996 Pr.
598 3942 653 3994 Ital.
672 3943 753 3995 Veun.
773 3945 815 3998 91.
834 3944 867 3998 93
887 3951 911 3994 et
935 3944 1002 3994 Flor.
1194 3941 1196 3944 ’

369 4025 393 4078 3.
420 4023 550 4078 Productic
575 4029 647 4080 testis
674 4029 739 4081 Rox.
768 4029 824 4080 Vel.
852 4029 914 4096 Reg.
942 4029 1038 4096 pudore
1062 4029 1078 4080 i.
1098 4029 1280 4080 existimatione
1298 4027 1423 4094 Scaliger.

298 4111 365 4164 fama
381 4113 471 4164 Deum.
494 4114 560 4165 Plin.
584 4115 613 4166 Ε.
632 4116 665 4178 II,
683 4118 712 4170 4:
743 4115 836 4166 famam
859 4115 1030 4181 pudoremque
1053 4114 1170 4176 defuncti
1193 4114 1329 4179 suscipere.
1356 4113 1425 4165 salvo

298 4209 389 4262 favore,
408 4191 476 4252 salva
492 4201 571 4268 gratia
588 4204 705 4254 Arntuen.
724 4210 784 4254 ante
804 4202 924 4268 pudorem
942 4201 1006 4254 Ven.
1028 4202 1068 4256 93.
1100 4199 1231 4258 Quantum
1248 4215 1353 4264 cunque
1372 4199 1425 4250 Tu·

298 4292 342 4343 ric.
361 4296 513 4356 quantociuq;
532 4288 563 4340 Y.
581 4288 677 4340 caelato
697 4289 728 4341 R.

367 4378 391 4431 4.
418 4373 550 4444 blesosque
567 4377 612 4428 RB
630 4377 693 4430 Ven.
714 4378 756 4432 91.
793 4375 884 4428 ‘Turia
912 4383 938 4427 et
963 4375 989 4426 in
1016 4375 1101 4426 multis
1129 4375 1195 4428 add.
1214 4383 1243 4428 ut
1262 4375 1329 4442 Aug.
1349 4373 1424 4424 Vind.

298 4462 378 4516 Trem,
398 4462 521 4530 aliisque'.
556 4461 597 4516 Gr.
617 4459 773 4526 ssfucodcet
790 4459 897 4525 βλέσος.
922 4461 985 4513 conf.
1009 4461 1082 4514 Ouid.
1107 4461 1160 4514 Art.
1181 4463 1230 4525 111,
1250 4464 1313 4517 294:
1337 4457 1419 4511 Blae-
