3148 5102
649 474 842 527 euasurum
1257 504 1312 546 m

185 647 254 695 reru
278 629 425 696 atriorem
440 629 599 697 ostendit.
645 630 777 697 Constat
805 633 916 714 viginti
944 653 998 700 sex
1029 634 1111 701 foliis
1140 637 1311 719 quaternis.

186 731 310 817 Cuique
331 734 465 801 disticho
488 735 600 802 Latino
624 753 678 801 sex
700 753 809 802 versus
832 736 933 802 Italici
960 742 1034 804 sunt
1056 739 1131 822 dati,
1154 743 1205 806 ut:

342 835 381 903 SI
404 837 481 904 deus
505 845 522 904 e
549 839 651 905 anim9
674 838 764 905 nobis
786 844 823 904 ut
845 840 983 906 carmina
1006 841 1093 908 dicut

341 941 401 1006 Hir
422 941 480 1008 tibi
501 944 614 1026 pcipue
636 941 678 1008 sit
699 961 779 1024 pura
801 948 884 1010 mete
905 944 1063 1011 colendus.

392 1043 429 1110 In
451 1047 582 1132 pricipio
605 1045 735 1112 comada
756 1045 789 1110 lu
816 1047 870 1128 piu
892 1047 1109 1129 principalmte

393 1145 459 1212 Con
482 1154 623 1231 purrtate
645 1148 776 1215 laudare
798 1149 874 1215 lalto
898 1148 950 1214 dio
972 1157 1108 1233 orpotete

393 1251 444 1317 Ad
459 1252 507 1317 cio
523 1252 579 1319 che
594 1253 626 1317 ni
641 1253 693 1318 dIa
707 1263 764 1334 gre
778 1254 861 1318 iutre
874 1253 907 1318 Ia
917 1253 1022 1319 huana
1037 1260 1109 1338 gete

339 1437 342 1444 Ι
394 1355 437 1420 Et
459 1355 540 1420 della
561 1360 670 1421 eterna
692 1356 791 1439 gloria
806 1363 846 1421 nb
865 1357 912 1421 sia
931 1357 995 1422 laia
1011 1361 1108 1436 poete

393 1459 524 1524 Lanima
546 1479 564 1526 e
586 1461 679 1526 beata
702 1463 734 1525 et
755 1459 786 1524 lo
809 1478 903 1540 corpo
926 1477 1037 1546 securo

394 1562 440 1628 De
456 1562 505 1627 chi
521 1581 539 1628 a
554 1562 606 1628 dio
622 1581 711 1629 serve
726 1580 784 1628 con
802 1581 874 1628 core
889 1569 977 1630 netto
993 1583 1010 1630 e
1024 1584 1113 1647 puro.

275 1665 362 1732 Libri
395 1666 509 1748 singuli
543 1666 797 1748 inscriptionibus
833 1674 941 1733 carent
971 1673 1003 1734 et
1032 1669 1164 1736 disticha
1192 1671 1315 1754 singula

186 1769 335 1836 numeris.
381 1770 430 1836 Ad
454 1769 570 1836 calcem
598 1767 727 1852 legitur:
757 1767 827 1835 finis
858 1767 998 1836 feliciter.
1045 1771 1129 1839 Satis
1155 1779 1315 1842 correctus
1353 1789 1356 1796 ·

186 1873 238 1938 bic
260 1873 340 1940 liber
362 1877 420 1940 est.
437 1891 542 1967 (rarae
570 1878 645 1938 sunt
667 1872 798 1938 mendae
824 1874 1036 1956 typothetieae
1060 1877 1128 1958 (III,
1153 1882 1181 1942 9.
1205 1878 1235 1944 b.
1260 1877 1315 1958 IV,
1429 1897 1431 1902 ·

189 1982 239 2043 37.
265 1978 306 2060 a.)
330 1976 589 2058 interpunctionis
616 1977 705 2058 signa
734 1975 799 2042 fere
822 1975 923 2042 nulla:
953 1977 1002 2043 bis
1033 1985 1087 2045 aut
1116 1985 1165 2046 ter
1192 1985 1315 2046 tanturn

186 2079 220 2145 in
242 2084 309 2145 toto
325 2079 429 2146 libello
446 2079 508 2146 vidi
523 2084 682 2163 punctum.
722 2077 902 2146 Nonnullae
920 2080 1068 2148 leetIones
1083 2083 1229 2166 propriae
1252 2102 1315 2150 non

186 2186 313 2268 ineptae
335 2185 452 2251 insunt.
476 2222 519 2232 -

272 2288 341 2354 Hae
364 2293 438 2354 sunt
454 2288 607 2355 editiones
623 2287 740 2354 saeculi
754 2287 812 2352 XV
834 2286 1032 2364 vetustiores,
1055 2306 1189 2370 quarum
1211 2288 1315 2355 varias

186 2393 336 2459 lectiones
365 2397 493 2458 enotare
521 2392 648 2475 placuit.
692 2391 764 2458 Non
793 2410 906 2474 operae
935 2391 1072 2472 pretinm
1101 2391 1176 2457 duxi
1198 2392 1314 2459 descri-

186 2497 262 2564 bere
284 2495 378 2572 alias,
412 2513 491 2579 quas
517 2495 550 2560 in
574 2494 686 2560 itInere
715 2493 846 2574 offendi,
879 2494 961 2560 inter
990 2511 1067 2575 quas
1098 2493 1311 2562 Bibliothecae

187 2598 264 2665 Stae
286 2595 464 2664 Genovefae
485 2596 617 2662 Parisiis
639 2597 720 2664 iiber
741 2598 774 2663 in
789 2602 818 2661 4.
836 2598 909 2662 min.
942 2587 1197 2664 ‘Cothonis'cum
1220 2597 1314 2664 iaceti

165 2697 282 2784 glosa’
312 2706 344 2766 et
368 2696 480 2766 ‘Catbo
508 2696 720 2771 moralizatus'
748 2700 888 2784 (Padnae
919 2719 943 2765 s.
967 2700 1140 2785 Patauii),
1168 2720 1261 2782 porro
1283 2702 1316 2766 in

186 2805 266 2872 Bibl.
279 2802 422 2870 Francos.
434 2805 474 2870 ad
488 2804 530 2868 M.
540 2802 640 2869 Cbato
654 2811 692 2869 cd
705 2804 801 2886 glosa.
826 2805 916 2869 Anno
930 2801 1317 2871 salutisMCCCCXCVI

186 2926 244 2990 per
276 2907 446 2973 Henrioum
481 2907 636 2988 Quentell.
672 2905 779 2973 Colon.
815 2913 843 2972 2.
861 2903 988 2972 <Katho.
1035 2907 1133 2973 Marci
1163 2908 1314 2974 Cothonis

186 3011 259 3078 libri
282 3011 415 3077 morales
439 3029 510 3077 cum
533 3011 756 3094 compositione
785 3011 955 3078 alemanica
984 3013 1170 3093 impressum
1192 3031 1249 3094 per
1270 3012 1316 3076 in-

187 3114 344 3182 dustrimn
373 3115 524 3182 Iohanem
557 3114 642 3198 Prp
677 3115 774 3180 civem
809 3115 1070 3196 Argentinensem
1101 3121 1188 3181 sexto
1218 3134 1317 3180 nonas

187 3219 299 3284 Marcii
322 3237 403 3284 anno
427 3218 538 3283 salutis
569 3223 584 3281 1
633 3212 675 3292 θ’,
704 3216 786 3282 foliis
808 3215 1029 3298 duodemginti
1060 3217 1222 3298 quaternis
1246 3235 1317 3283 con·

188 3328 284 3388 stans.
324 3327 352 3388 3.
377 3321 477 3388 Catbo
501 3321 704 3386 moralizatus
727 3319 805 3384 alias
822 3317 990 3400 Speculum
1012 3319 1174 3401 regIminis
1197 3320 1317 3402 quoad

187 3425 353 3507 utriusque
385 3423 519 3490 hominIs
548 3421 812 3489 reformationem.
865 3421 1056 3503 Impressum
1087 3422 1233 3505 Lugduni
1260 3441 1318 3504 per

187 3528 362 3596 Iohannem
378 3529 417 3594 do
432 3525 557 3609 Uingle.
598 3526 687 3590 Anno
704 3523 832 3590 domini.
845 3522 1095 3590 MCCCCXCV
1113 3526 1163 3592 die
1178 3524 1317 3592 XXVIII

188 3633 337 3699 Ianuarii.

273 3735 427 3801 Addenda
449 3733 500 3800 hic
523 3737 571 3798 est
594 3733 710 3797 mentio
741 3731 874 3811 exempli
904 3731 1052 3798 editionis
1081 3729 1182 3813 Lugd.
1206 3731 1316 3796 Batav.

190 3843 282 3915 1626,
300 3845 328 3920 8,
351 3838 435 3922 quod
450 3839 482 3902 in
497 3835 693 3902 Libliotheca
708 3835 797 3901 Bodl.
814 3835 952 3901 Oxoniae
967 3835 1163 3913 adservatur,
1189 3839 1318 3916 propter

188 3941 378 4009 Collationes
394 3941 490 4006 trium
507 3940 666 4016 Codicum,
690 3939 728 4004 de
744 3939 858 4021 quibus
873 3937 905 4002 in
921 3938 1092 4021 praemisso
1108 3936 1181 4003 folio
1198 3937 1269 4003 albo
1287 3941 1316 4002 6.

188 4046 266 4112 haec
288 4050 362 4111 sunt
384 4045 517 4125 scripta:

387 4143 437 4213 ‘V.
461 4145 562 4212 Vetus
586 4145 770 4212 chartaceus
794 4145 942 4212 Biblioth.
967 4143 1067 4226 Lugd.

393 4250 436 4314 M.
459 4250 719 4316 Membranaceus
742 4249 925 4316 Vossianus.

392 4355 430 4418 R.
455 4351 652 4420 VeterrImus
674 4353 801 4436 Regius.

191 4457 263 4552 Syri
285 4457 458 4535 sententias
480 4456 598 4534 contuli
620 4475 690 4530 cum
707 4455 783 4531 Cod
800 4455 1014 4526 Bibliothecae
1030 4449 1210 4529 Leidensis’.
1248 4454 1317 4544 Ego
