3148 5102
303 425 336 477 16
694 417 784 468 CATO
802 415 1051 468 Pflrnosorflvs.

325 582 374 644 26.
409 576 470 656 Qui
493 576 620 642 simulat
641 574 746 640 verbis
767 591 825 638 nec
848 572 942 638 corde
964 576 1014 637 est
1034 571 1116 638 fidus
1144 571 1272 651 amicus,

410 681 458 746 Tu
482 697 606 763 quoque
627 676 676 744 isc
698 675 839 743 simules:
863 676 908 742 sic
930 693 982 741 ars
1005 675 1164 741 deluditur
1189 679 1267 740 arte.

328 789 378 848 27.
410 783 482 850 Noli
504 782 646 849 homines
666 781 782 848 blundo
803 781 934 846 nimium
956 797 1100 846 sermone
1122 779 1273 860 probare:

411 885 533 951 Fistula
556 885 647 952 dulce
670 885 764 964 cauit,
786 883 948 950 uolucrum
970 883 1044 948 dum
1067 881 1183 964 decipit
1204 899 1328 963 auceps.

303 1054 378 1109 diccs'
397 1073 437 1123 ap.
456 1057 545 1108 Duum.
564 1056 668 1109 Withof.
695 1075 718 1124 p.
738 1057 788 1112 543
813 1056 860 1107 ait:
881 1051 983 1124 ‘legitur
1005 1055 1029 1105 in
1053 1050 1213 1106 melioribus‘.
1249 1051 1339 1104 Leidd.
1356 1052 1377 1104 1.
1394 1052 1426 1107 11.

303 1144 371 1210 Aug.
391 1142 467 1195 Vind.
485 1143 551 1194 Flos.
570 1143 674 1194 Chouet.
694 1145 778 1194 Trem.
796 1142 894 1197 Iirasm.
912 1141 987 1192 Bcill.
1006 1133 1103 1210 Gry'pb.
1121 1139 1194 1191 (iord.
1214 1138 1289 1190 Cone.
1312 1139 1429 1206 aliaeque

304 1229 453 1281 recentiores
471 1229 538 1296 apud
558 1230 673 1281 ,emnem
697 1229 753 1285 rell.
771 1229 795 1281 d.
819 1247 841 1279 r.
864 1229 943 1279 bonus
960 1227 1015 1294 ipse
1027 1226 1117 1278 videri.
1135 1227 1159 1277 d.
1178 1245 1201 1279 r.
1219 1225 1275 1293 ipsc
1292 1225 1373 1276 bonus
1390 1223 1429 1274 ri-

305 1315 860 1368 (1οή11.οε0001400170110.1100111011.
886 1323 911 1366 01
928 1313 998 1366 Csxt.
1016 1315 1075 1368 861.
1113 1307 1156 1364 SR
1179 1311 1351 1378 Cannogieter.
1374 1327 1428 1376 cap.

304 1401 413 1460 XXVll,
432 1419 457 1467 p.
475 1401 525 1454 479
543 1401 678 1468 legendum
696 1418 753 1452 esse
770 1401 877 1460 censuit,
895 1407 970 1465 stqne
988 1398 1106 1450 Arntsen.
1123 1397 1225 1465 recepit.
1248 1397 1312 1448 Esse
1328 1395 1431 1446 videtur

305 1488 343 1539 ibi
362 1486 473 1552 (lanneg.
500 1487 618 1553 frequens
640 1487 752 1539 Ciceroni
770 1486 837 1538 dicit.
860 1486 967 1538 laudans
986 1487 1120 1538 Auctorem
1145 1483 1247 1550 Dialogi
1271 1484 1302 1535 de
1326 1483 1431 1535 Oratore

304 1590 325 1623 c.
345 1573 379 1626 23
398 1581 423 1623 et
441 1571 560 1634 Quinctil.
578 1572 622 1634 IX,
641 1575 665 1627 4.
698 1574 778 1624 bonus
795 1573 841 1628 (ir.
854 1571 986 1641 χρηστός.
1022 1571 1146 1642 Scaliger:
1170 1567 1318 1636 priorisse,
1342 1568 1368 1620 in
1387 1569 1430 1620 ed.

306 1659 397 1710 altera:
413 1657 546 1728 χρηστὸς,
565 1657 712 1725 φιλότιμος.
748 1659 893 1711 Planndes:
909 1655 999 1717 καλάς,
1019 1655 1145 1718 ‘obscure,
1164 1664 1228 1708 teste
1246 1656 1361 1718 Daumio,
1380 1672 1431 1722 qno

306 1744 440 1796 obsolescit
457 1743 594 1796 sententia'.
613 1745 677 1798 conf.
695 1747 717 1807 Ι,
737 1747 782 1800 ll:
801 1745 838 1796 sio
856 1743 936 1795 bonus
953 1752 1003 1795 esto
1022 1743 1101 1798 bonis.

375 1831 416 1884 26.
445 1828 496 1886 Qui
513 1847 579 1882 omn.
599 1831 671 1882 codd
690 1841 715 1884 et
731 1831 773 1885 Pr.
794 1828 865 1885 Cart
884 1832 943 1888 861.
963 1833 1004 1888 83.
1024 1831 1104 1884 Venn.
1120 1833 1151 1886 91
1170 1831 1255 1886 0193.
1274 1831 1317 1897 qui
1337 1829 1434 1881 similat

305 1917 410 1968 Membr.
433 1915 497 1967 Cum
513 1919 641 1969 substituit
659 1918 763 1972 Scriver.
800 1917 852 1970 Sed
872 1917 923 1981 Qui
937 1916 988 1970 ‘vel
1006 1935 1059 1982 qun
1074 1918 1123 1969 boc
1140 1918 1197 1968 loco
1209 1925 1280 1968 notat
1297 1923 1431 1980 00010000,

306 2021 359 2068 quo
382 2020 413 2054 es
433 2003 519 2070 parle'
536 2005 653 2057 Arntsen.
678 2006 754 2066 fidus,
778 2007 886 2056 amimcm
909 2005 982 2056 Huic
1007 2021 1107 2070 quoque
1124 2003 1164 2055 fac
1182 2002 1287 2055 coniecit
1304 2001 1432 2054 Drenxius

307 2089 408 2156 quidam
426 2089 553 2141 Arntnenii
571 2092 672 2142 amicus.
693 2091 815 2142 simcdmc
838 2090 933 2152 verbis,
957 2098 985 2142 nt
1002 2090 1103 2142 Terent.
1121 2089 1213 2142 Hesut.
1231 2088 1277 2149 IV,
1298 2091 1320 2150 1,
1339 2089 1381 2142 23.
1399 2103 1433 2138 ne

308 2176 385 2226 corde
403 2176 471 2227 Leid.
492 2177 510 2228 I.
529 2193 582 2226 nnn
600 2177 674 2228 corde
691 2176 761 2228 Leid.
779 2177 822 2227 III.
838 2177 889 2241 soc
911 2176 1014 2226 simules
1031 2177 1138 2227 correxit
1158 2175 1261 2228 Scriver.
1278 2174 1318 2225 fac
1334 2173 1434 2224 similes

306 2261 340 2312 Η.
363 2263 468 2312 Membr.
492 2262 569 2314 Voss.
592 2262 674 2314 'l'uric
697 2263 752 2314 rell.
777 2261 938 2315 10.-010110,
962 2261 1007 2312 sic.
1032 2265 1071 2313 fac
1092 2261 1189 2312 simile:
1214 2268 1238 2312 et
1254 2261 1291 2312 sic
1308 2259 1372 2310 Ven.
1389 2258 1432 2314 93.

306 2347 347 2398 fac
364 2347 447 2398 simile
464 2348 490 2398 in
509 2349 548 2399 ed.
567 2348 634 2398 Flor.
658 2365 703 2415 pro
721 2347 839 2398 similiter
861 2349 933 2414 prob.
951 2348 1036 2399 Bartb.
1059 2348 1106 2400 ool.
1130 2351 1194 2402 1173
1218 2354 1244 2398 01
1260 2347 1323 2397 Adr.
1341 2345 1433 2397 LVIII.

310 2435 348 2489 13.
367 2433 415 2484 ccl·
438 2435 513 2490 2794.
548 2433 689 2485 Planudes:
713 2431 757 2483 καὶ
780 2431 815 2483 σὺ
834 2433 936 2502 δρᾶσον
958 2434 1047 2496 ὅμοια.
1085 2426 1326 2501 Scaliger-'Epicadi
1349 2432 1434 2494 μιμοῦ

307 2516 351 2568 καὶ
369 2517 412 2570 σύ.
447 2519 597 2570 Arntaenius
615 2521 756 2586 temptavit:
782 2521 820 2571 Tu
844 2537 945 2587 quoque
967 2520 1022 2580 10ος
1046 2520 1123 2571 simili
1143 2521 1186 2571 sic.
1205 2538 1227 2572 s.
1246 2519 1271 2570 d.
1290 2525 1351 2578 arte,
1369 2533 1432 2568 cen·

307 2605 392 2656 ferens
410 2604 530 2672 Egesipp.
546 2605 614 2661 Hist,
632 2604 691 2655 Jud.
709 2605 731 2669 1,
752 2610 778 2659 l:
804 2623 836 2656 ne
859 2605 937 2656 simili
960 2614 1016 2656 arte
1033 2606 1082 2672 ipsi
1100 2623 1200 2672 qnoque
1218 2605 1390 2672 deciperentur
1407 2612 1435 2655 et

312 2709 367 2758 cap.
386 2693 432 2746 4οι
451 2691 528 2742 simili
545 2701 600 2742 arte
617 2693 781 2758 nequissimis.
796 2693 951 2745 delatoribus
973 2694 1150 2745 occurrendum
1168 2692 1272 2760 putarit.
1309 2689 1361 2741 Sed
1378 2707 1433 2741 ma·

310 2779 349 2845 gis
370 2778 483 2844 probavit
495 2777 610 2829 Seriverii
622 2778 795 2832 coniecturam.
828 2775 922 2846 ‘Saepe
938 2780 1015 2840 enim,
1034 2779 1124 2848 inquit,
1142 2780 1245 2830 uerbum
1257 2779 1368 2830 similare
1385 2796 1433 2846 pro

308 2863 431 2914 simulare
448 2864 474 2913 in
492 2863 554 2916 Mes.
573 2863 652 2917 Codd.
671 2865 788 2924 occurrit,
812 2864 927 2915 Latinum
952 2873 1035 2918 tamen
1057 2883 1107 2916 non
1125 2883 1181 2917 esse
1199 2873 1284 2916 contra
1300 2863 1433 2916 Barthiurn

240 3015 242 3018 Ι
313 2949 362 2999 iarn
376 2949 418 2998 slii
432 2949 586 2999 docuerunt'.
609 2948 741 3000 diludimur
758 2949 823 3016 Aug.
840 2950 915 3002 vino.
941 2959 1030 3002 orsesl
1055 2951 1142 3014 dolus,
1165 2951 1246 3012 stans,
1265 2949 1346 3020 τέχνη
1363 2950 1434 3017 apud

311 3033 460 3094 presulem,
480 3031 557 3090 δόλος
574 3034 642 3100 apud
655 3033 817 3102 Scaligorum.
836 3035 990 3104 frequentior
1006 3037 1119 3104 pluralis.
1147 3037 1278 3089 Caeterum
1295 3037 1352 3104 legs
1363 3036 1432 3086 wic-

311 3117 375 3169 hofii
395 3117 601 3170 Dissertationenr
618 3120 637 3170 1.
666 3139 721 3188 pag.
740 3123 798 3185 543,
818 3123 861 3188 qui
882 3123 981 3174 omnino
1006 3123 1108 3176 minima
1130 3123 1266 3176 mutatione
1288 3130 1314 3174 et
1330 3122 1431 3189 legibus

310 3204 370 3255 artis
388 3205 551 3257 conveniente
569 3207 752 3258 emendandum
770 3226 827 3260 csse
845 3211 918 3260 unice
937 3219 1035 3262 censet:
1061 3207 1112 3267 Qui
1129 3211 1231 3264 simulat
1248 3209 1328 3261 verbis
1346 3225 1393 3260 nec
1410 3225 1431 3259 c.

310 3307 332 3340 e.
350 3288 368 3339 f.
388 3305 420 3349 0.,
449 3290 519 3342 Huic
543 3311 567 3358 q.
585 3293 602 3342 f.
621 3293 726 3346 simules
744 3305 789 3345 etc.
826 3294 919 3348 Postea
944 3297 1009 3358 ridi,
1036 3299 1130 3364 pergit,
1157 3296 1231 3348 etism
1258 3296 1294 3348 sic
1319 3293 1431 3346 edidisse

308 3373 452 3426 Adrianum
472 3375 608 3443 Coequinm
626 3379 707 3431 Ethic.
729 3379 798 3433 sacr.
815 3383 860 3443 III,
879 3383 904 3444 3,
922 3399 973 3433 non
991 3383 1082 3444 studio,
1101 3383 1146 3434 sed
1162 3400 1246 3443 mero,
1269 3391 1297 3434 ut
1314 3399 1375 3434 sane
1391 3382 1430 3432 vi·

309 3460 394 3524 detur,
422 3479 488 3513 casu.
524 3462 581 3514 Fac
607 3465 708 3516 mmules
731 3467 757 3517 in
781 3475 810 3517 ut
832 3468 948 3531 simules,
972 3469 1037 3521 sicut
1054 3469 1098 3530 IV,
1117 3470 1163 3524 38:
1190 3467 1248 3519 Fac
1268 3467 1350 3519 ducas
1367 3467 1384 3519 i.
1402 3475 1431 3518 ut

310 3546 403 3602 discas.
439 3548 515 3602 Henr.
540 3549 637 3601 cornel.
662 3550 775 3620 Agrippa
802 3554 857 3606 Lib.
876 3555 912 3606 III
938 3555 1017 3622 Epist
1043 3555 1067 3608 3.
1094 3555 1167 3606 huius
1189 3554 1295 3607 Distichi
1322 3553 1430 3620 primum

307 3650 406 3684 versum
424 3634 461 3686 sic
478 3635 580 3687 laudnt:
595 3635 635 3687 ιδι’
653 3636 709 3700 quis
726 3647 795 3689 amat
811 3637 897 3691 verbis'
916 3649 962 3693 etc.

377 3722 417 3775 27.
445 3719 556 3772 bonones
581 3722 675 3773 blando
697 3723 758 3778 nim.
782 3741 895 3777 sermone
917 3744 1004 3778 omnes
1027 3729 1078 3779 fere
1101 3727 1173 3778 codd.
1194 3727 1243 3778 moi
1260 3735 1287 3778 et
1303 3726 1390 3778 Leidd.
1411 3727 1430 3778 1.

308 3806 341 3856 11.
360 3805 425 3858 0011.
442 3806 517 3858 Voss.
542 3815 568 3862 et
590 3808 645 3860 Vel.
669 3809 732 3876 Reg.
760 3811 874 3863 hemines
897 3813 1003 3864 blandos
1024 3813 1052 3864 M
1073 3810 1151 3864 ‘held
1175 3814 1219 3865 111.
1243 3813 1325 3865 Chare
1349 3812 1430 3881 Neap.

308 3893 367 3942 Bas.
391 3893 496 3944 Euchar:
519 3893 601 3944 Pulm.
626 3893 708 3947 I'rem.
732 3894 808 3948 Fran.
831 3897 927 3949 Erasm.
946 3899 1021 3952 Boill.
1041 3899 1136 3966 Grypb.
1162 3907 1186 3950 et
1209 3899 1324 3951 nonnuli.
1342 3915 1429 3952 reeen-

308 3975 405 4028 tiores‘.
429 3979 505 4028 nimio
535 3996 648 4032 sermone
672 3979 740 4031 Cart
762 3982 803 4036 83.
829 3983 932 4034 nimium
955 3983 1049 4036 blando
1074 4000 1189 4037 sermone
1205 3985 1230 4036 X
1250 3984 1290 4038 Pr.
1315 3985 1431 4036 homines

308 4063 401 4115 blondo
419 4082 534 4116 sermone
554 4065 667 4133 Scaliger
684 4061 766 4118 re'ddit
783 4086 828 4134 per
842 4067 1053 4138 χρηστολόγους.
1091 4071 1233 4123 Plsnudes:
1261 4066 1303 4137 Μὴ
1322 4069 1431 4139 σφόδρα

307 4146 450 4210 μαλακοῖσι
467 4147 587 4218 βρότους
605 4149 715 4202 ἐπέεσσι
731 4152 876 4224 periples.
900 4171 957 4206 cum
975 4157 1069 4224 decipit
1085 4157 1109 4207 Y
1126 4156 1196 4208 Leid.
1214 4157 1246 4209 II.
1270 4157 1429 4211 00117000.

203 4265 205 4270 ·
309 4233 406 4284 Vetere.
425 4235 487 4302 Reg.
507 4245 531 4288 et
550 4237 631 4291 Turio.
649 4237 721 4289 Dum
738 4247 762 4291 et
779 4257 836 4291 cum
854 4242 953 4308 saepius
971 4249 1158 4294 commutantur.
1182 4230 1307 4295 Drakenb.
1326 4244 1358 4296 ad
1376 4243 1430 4295 Isiu.

307 4319 327 4381 1,
347 4321 389 4374 40.
424 4321 780 4386 praeeminentis
815 4325 950 4378 Burmann.
970 4329 1002 4379 ad
1020 4329 1126 4382 Phaedr.
1144 4330 1188 4393 111,
1212 4332 1249 4384 10.
