3170 5090
651 489 753 541 LIBER
769 490 814 543 1v.
1277 495 1308 547 61

214 647 263 708 37.
297 645 450 726 Tempora
471 645 564 727 longa
585 645 644 712 tibi
663 645 728 712 -noli
750 645 931 727 promittere
953 645 1053 712 vitae:

298 747 500 832 Quocumque
520 749 703 832 ingrederis,
727 749 868 834 sequitur
889 767 973 816 mors
995 750 1133 834 eorporis
1155 751 1275 848 umbra.

395 959 443 1008 Est
460 956 555 1009 1001000
571 955 661 1024 gravis,
680 971 744 1022 quae
762 962 821 1007 suut
836 955 958 1009 amittere·
992 955 1101 1007 Damals

397 1041 462 1094 Sunt
480 1042 604 1111 quaedum
622 1059 686 1109 quae
703 1041 768 1114 terre
784 1042 1002 1110 deret-patienter,
1020 1042 1135 1094 amiodm.

191 1125 255 1196 ‘Ego
272 1134 299 1179 te
322 1127 418 1180 docebo
444 1146 500 1180 esse
525 1127 662 1196 quaedam,
686 1145 751 1196 quae
772 1128 866 1180 amissa
888 1129 1011 1196 patienter
1036 1135 1061 1180 te
1083 1128 1148 1180 ferre
1170 1129 1312 1192 eonveniut,

191 1211 253 1278 ipris
271 1212 320 1264 tuis
338 1213 439 1266 domate
457 1216 571 1266 amicum
589 1213 759 1280 (amicorum).
776 1213 910 1266 Praeterea
927 1213 963 1266 sio
980 1215 1030 1266 duo
1042 1214 1148 1267 distiohu
1160 1222 1313 1277 truncantur,

192 1308 277 1352 eontra
296 1299 400 1353 (latonia
419 1318 523 1353 morem.
562 1300 604 1352 Ad
621 1317 724 1352 sensum
741 1301 816 1352 huius
835 1301 936 1353 distichi
959 1308 1036 1369 atque
1059 1301 1230 1368 praesedentie
1253 1319 1313 1354 uon-

192 1386 266 1450 ferus‚
287 1403 351 1454 quae
370 1387 522 1438 Arntaeuius
542 1387 634 1440 adferte
655 1388 686 1439 ‘si
703 1388 785 1456 gravis
804 1394 843 1439 est
860 1388 954 1439 iaotura
979 1405 1098 1455 possessa
1120 1391 1248 1451 amittere,
1272 1406 1315 1440 our

191 1472 308 1524 Disticha
326 1473 456 1540 superiore
474 1473 565 1538 ereptis
582 1473 672 1538 opibus
689 1474 799 1541 gaudere
817 1474 889 1526 vult?
918 1473 994 1526 Anne
1010 1475 1073 1526 haee
1090 1475 1228 1526 contraria?
1251 1475 1315 1527 Mire

192 1559 255 1610 haee
271 1565 370 1626 torquet
387 1559 495 1610 Badius:
516 1559 649 1622 Quoniam,
668 1559 757 1626 iuquit,
774 1559 854 1611 Poeta
871 1559 945 1612 modo
971 1559 1066 1622 doouit,
1091 1577 1142 1612 nou
1165 1577 1221 1612 esse
1245 1577 1314 1612 moe·

190 1646 299 1697 rendum
316 1645 402 1707 nimis,
421 1645 533 1712 quamvis
552 1645 618 1697 bona
635 1645 707 1696 uobis
726 1651 811 1712 erepta
829 1645 892 1705 siut;
912 1662 979 1696 0000
997 1645 1115 1708 ostendit,
1144 1645 1244 1713 quaudo
1269 1646 1316 1697 do·

190 1731 294 1784 lendum
318 1740 441 1795 nonest,
459 1731 590 1794 videlieet,
616 1733 717 1801 quando
736 1733 865 1784 amisimus
883 1749 912 1784 ea
930 1731 1087 1783 0100000100
1104 1740 1149 1784 001
1173 1733 1250 1799 culpa
1272 1740 1318 1784 oret

190 1817 351 1885 negligeretis.
387 1819 494 1882 Quando
512 1836 576 1871 vero
596 1837 653 1870 0001
670 1818 762 1870 damae
778 1827 878 1870 nostrae
891 1821 982 1886 famae
995 1827 1040 1869 aut
1052 1818 1152 1870 virtutes
1163 1827 1247 1872 nostro
1259 1820 1317 1871 vitio

190 1905 299 1972 patimur
324 1906 507 1958 detrimentum
529 1923 627 1969 rerum,
654 1913 707 1965 tum
732 1906 837 1958 hercule
860 1905 967 1957 molesta
992 1914 1017 1957 et
1043 1906 1125 1972 gravis
1151 1913 1190 1958 est
1213 1906 1314 1958 1001010.

190 1989 264 2042 Certe
282 1992 408 2058 possessio
427 2008 522 2056 rarum,
542 2008 608 2058 qaae
626 2009 678 2044 0010
695 1991 845 2068 recuperari
858 1999 974 2057 parserat,
992 1993 1083 2044 leuiter
1102 2001 1127 2044 et
1144 2011 1189 2046 uos
1207 1999 1233 2044 et
1244 1993 1319 2044 amici

192 2077 325 2130 nobiseum
343 2078 409 2130 ferre
426 2078 554 2130 debemus.
590 2078 639 2141 Qui
657 2079 788 2133 meliorem
806 2095 908 2130 sensum
927 2077 1086 2130 comminisoi
1114 2085 1206 2146 potest,
1229 2077 1320 2142 100101,

192 2162 229 2215 Vt
254 2163 457 2232 interpretatione
480 2163 576 2216 Badius
600 2165 626 2216 in
650 2165 783 2217 Auctorem
805 2173 919 2217 nostrum
942 2182 971 2217 se
993 2165 1085 2230 intulit,
1110 2165 1147 2217 sio
1170 2165 1321 2218 oomeotioue

190 2247 238 2300 Vir
254 2249 348 2302 Doctus
366 2250 435 2317 apud
452 2249 633 2302 Arntaeuium:

288 2335 289 2340 ’
396 2336 443 2388 Εο1
459 2336 553 2388 iactura
570 2337 662 2404 gravis,
682 2337 727 2402 qui
744 2345 810 2402 sunt,
828 2337 942 2390 amittere
959 2337 1060 2400 amieos,

397 2422 463 2474 Sunt
480 2423 604 2489 quaedam
622 2441 686 2492 quae
703 2427 768 2476 ferre
786 2421 857 2475 docet
874 2425 1006 2492 patientia,
1025 2423 1126 2476 domos.
1323 2494 1325 2498 v

193 2507 331 2561 Seriverius
349 2509 441 2560 edidit:
461 2538 491 2548 -
511 2527 576 2577 quas
593 2509 658 2562 ferre
676 2511 749 2563 dooet
766 2511 891 2578 patienter
917 2511 1015 2562 amieos
1032 2511 1134 2579 Legitur
1161 2510 1264 2575 amicus,
1289 2527 1320 2563 ex

192 2595 316 2648 sententia
333 2593 450 2647 Withofii
469 2597 492 2649 1.
515 2597 539 2648 1.
558 2600 650 2648 ‘errore
673 2597 835 2665 typographi,
854 2604 883 2648 ut
905 2613 975 2659 reor,
1001 2597 1173 2664 proamitae,
1200 2597 1222 2648 si
1245 2595 1320 2648 simul
1350 2652 1355 2662 ¹

191 2681 261 2733 taber
284 2699 330 2749 pro
355 2680 425 2732 docet
443 2663 585 2747 ridderetur,
604 2684 661 2750 legi.
697 2683 730 2734 Et
747 2683 783 2734 sie
800 2682 936 2750 aliquando
954 2683 1066 2750 placuit’.
1101 2682 1224 2734 Nonnulli
1249 2682 1320 2750 lege·
1386 2709 1388 2716 ⁴

186 2774 251 2818 'runt
267 2767 396 2834 supienter
420 2786 466 2836 pro
480 2769 618 2834 patienter,
637 2769 705 2837 quod
726 2769 856 2821 Planudes
875 2769 1027 2838 adgnouisse
1045 2770 1151 2832 videtur,
1182 2769 1226 2836 qui
1243 2770 1315 2820 vertit

193 2849 212 2900 d
229 2851 275 2903 τὸν
294 2853 447 2922 φρονέοντα
465 2854 560 2924 φέρειν
580 2853 712 2906 ἐπέοικεν.
739 2857 810 2908 Idem
828 2873 913 2908 vooem
927 2854 1029 2906 dammis
1040 2855 1156 2923 neglexit,
1169 2873 1243 2923 quam
1255 2855 1316 2908 Soa·

192 2939 256 3006 ligor
273 2941 382 2993 reddidit
398 2959 444 3009 per
461 2940 564 3012 τύχαις.

262 3027 303 3080 37.
322 3026 400 3094 longa
417 3034 458 3078 tae
476 3028 555 3094 (tuae)
568 3028 674 3080 Membr.
706 3028 861 3095 Quodeuque
879 3027 948 3079 Cant.
967 3029 1027 3083 861.
1045 3025 1178 3095 ingredere
1195 3027 1250 3078 Ital.
1264 3044 1318 3079 eor·

192 3113 260 3179 poris
284 3111 399 3163 umbram
423 3111 620 3164 RYSHTDKM
643 3113 711 3167 Mox.
731 3115 793 3166 Vox.
818 3115 904 3182 (lamp.
928 3113 969 3164 Pr.
993 3113 1098 3166 Membr.
1123 3113 1177 3164 Ital.
1195 3113 1251 3164 Vsu
1280 3115 1321 3180 91,

193 3199 267 3256 1685.
286 3199 357 3252 Leid.
376 3201 421 3252 ΠΙ.
444 3201 524 3252 Editt.
544 3201 612 3252 Flor.
631 3199 707 3256 Boill.
726 3209 751 3252 et
768 3201 893 3268 quaedam
911 3201 983 3252 aliae.
1020 3199 1082 3250 Cum
1100 3199 1187 3250 Latine
1212 3216 1263 3250 uon
1282 3199 1322 3249 di·

195 3295 292 3338 eeretur
309 3288 400 3338 umbra
419 3286 529 3352 corporis
545 3289 563 3340 i.
583 3287 664 3354 imago
680 3287 1016 3356 oorporispraeferendaest
1029 3285 1101 3337 100110
1114 3285 1324 3352 eorporisumbra

195 3371 297 3424 nutv
315 3373 383 3424 etin
402 3374 494 3424 ceteris
526 3373 597 3425 libris
624 3381 702 3465 gtque
729 3373 756 3424 in
784 3379 890 3440 ‘septem
916 3373 988 3423 codd.
1011 3372 1139 3422 Arutaenii
1161 3371 1237 3423 Editt.
1256 3371 1322 3438 Aug.

192 3458 268 3511 Viud.
287 3459 369 3512 Euuh.
390 3459 505 3512 Seriver'.
553 3459 672 3512 Arntaeu.
696 3461 782 3528 (mors,
802 3459 914 3526 eorporis
933 3457 1041 3525 umbra).
1078 3459 1185 3510 Sensus:
1210 3475 1276 3508 mors
1299 3467 1325 3510 10

196 3545 311 3612 sequitur
328 3553 452 3610 tanquan
470 3547 558 3597 umbra
576 3548 689 3614 eorporis
708 3547 753 3600 tui.
796 3544 887 3595 Vmbra
904 3543 1018 3608 eorporis
1039 3561 1097 3611 ergo
1120 3561 1172 3595 non
1199 3544 1323 3610 adpositio

196 3639 242 3693 001,
260 3640 289 3684 01
305 3633 422 3684 Arntren.
442 3621 573 3700 opinatur,
592 3634 634 3700 qui
653 3633 725 3686 dioit:
745 3633 800 3685 ‘sed
818 3633 947 3698 eleganter
963 3646 1030 3681 more
1047 3632 1088 3684 hie
1105 3632 1194 3683 dieitur
1211 3629 1324 3696 eorporis

195 3719 295 3780 umbra,
314 3719 373 3786 quia
389 3727 448 3786 post
465 3727 576 3771 mortem
593 3728 693 3788 praeter
710 3722 826 3772 umbram
845 3719 909 3769 nihil
928 3719 961 3769 011
980 3717 1123 3784 reliquum'.
1150 3715 1261 3778 Minime,
1280 3717 1325 3766 sed

197 3805 257 3872 quia
273 3806 367 3872 ubique
385 3823 469 3858 eomes
495 3812 533 3857 est
551 3806 667 3872 eorporis.
702 3807 738 3856 At
755 3813 877 3872 quantum
896 3804 978 3855 differt
1002 3821 1068 3854 mors
1093 3818 1176 3854 eomes
1200 3819 1219 3852 s.
1237 3803 1326 3852 umbra

197 3893 306 3960 corporis
325 3895 358 3944 ab
376 3893 472 3944 umbris
493 3893 518 3944 iu
536 3893 644 3960 Vergilii
661 3893 790 3944 Aeneidos
808 3891 884 3942 Libro
903 3899 973 3941 sexto
991 3907 1013 3943 v.
1032 3892 1090 3954 404,
1109 3890 1160 3944 510
1178 3896 1224 3942 ete.
1259 3887 1326 3938 Hine

196 3977 272 4030 etiam
290 3979 399 4046 simplici
417 3979 512 4048 origiue
530 3987 586 4030 orta
604 3986 643 4030 est
659 3979 733 4030 tertia
750 3977 827 4029 leutio
846 3991 938 4040 corpas
956 3981 984 4025 01
1001 3974 1100 4038 umbre,
1127 3973 1235 4041 quaein
1251 3973 1324 4024 nullo

198 4063 735 4132 0011000001.Μο011010,1οι00ον000
759 4071 858 4130 receptu
883 4080 898 4113 0
922 4061 1037 4114 Plauude
1060 4056 1113 4126 (Ὡς
1137 4057 1198 4110 σκιὰ
1221 4056 1327 4120 σώματι

196 4147 252 4220 γὰρ
269 4148 357 4219 μόρος
374 4147 496 4218 ἕσπεται)
515 4150 643 4218 Scaligero
662 4145 782 4218 (Σώματι
799 4147 854 4218 γὰρ
873 4147 933 4199 σκιὰ
951 4147 997 4212 ὡς,
1022 4143 1113 4197 ἔπετει
1130 4144 1227 4214 μόρος)
1252 4145 1325 4198 Dan.

198 4241 249 4290 mio
267 4237 362 4305 (‘etiam
380 4237 485 4300 Frisius,
505 4237 646 4299 Corderius,
665 4237 790 4289 Lentulus
818 4245 843 4288 et
859 4236 943 4288 Pulm.
967 4235 999 4285 ad
1022 4251 1090 4285 oram
1116 4232 1325 4284 00001111110010

198 4325 236 4376 sio
251 4323 387 4392 legerunt’)
404 4323 581 4375 auctoritatem
600 4321 726 4390 quandam
752 4329 825 4374 nauta
852 4329 899 4374 est.
945 4320 993 4371 Est
1020 4320 1121 4386 quidem
1148 4318 1271 4386 partioula
1298 4325 1326 4367 at

199 4409 338 4462 sententiae
371 4410 433 4463 sutis
462 4409 627 4471 couveniens,
661 4410 707 4461 sed
733 4409 834 4476 glossae
868 4408 941 4475 quasi
968 4423 1073 4458 munere
1103 4405 1222 4474 fungitur,
1262 4405 1327 4455 nihil

205 4497 322 4564 amplius.

1092 4578 1124 4633 7*
