3148 5102
258 427 292 482 ιι
381 491 384 496 ¹
646 415 738 467 curo
755 408 1002 465 rmnosornvs

282 584 332 646 30.
367 577 455 655 Quae
478 575 606 657 culpare
627 571 720 648 soles,
742 589 780 636 es
802 575 838 634 tu
860 587 900 634 ne
921 567 1033 634 feceris
1055 568 1139 650 ipse:

365 681 469 761 Turpe
490 683 540 744 est
560 675 694 756 doctori,
716 691 786 740 rum
808 671 901 754 culpe
921 672 1085 754 redarguit
1105 672 1216 752 ipsum.

280 789 330 852 31.
364 781 595 865 Quodiusnm
616 783 674 860 est,
696 777 804 860 petito,
827 775 878 850 pel
899 775 983 858 quod
997 767 1355 862 videatur‚‚honestum·:

367 885 450 952 Nem
472 884 604 950 stultum
628 887 686 958 est,
708 887 825 964 petere,
849 880 932 962 quod
954 879 1056 962 possit
1076 879 1146 946 iure
1167 878 1285 960 negari.

286 995 335 1058 32.
367 991 513 1072 Ignotum
535 987 593 1054 tibi
615 991 652 1054 tu
673 986 737 1051 noli
759 1002 950 1068 praeponere
972 983 1070 1066 notie;

371 1091 506 1175 Cognita
527 1091 642 1158 iudicio
665 1093 820 1168 constant,
841 1087 999 1168 incognita
1021 1104 1105 1152 casu.

287 1201 337 1264 33.
373 1194 452 1260 Cum
474 1194 570 1260 dubie
591 1194 625 1258 in
647 1192 742 1259 certis
763 1194 906 1257 versetur
927 1190 992 1254 vitu
1014 1187 1147 1270 periclis,

370 1299 432 1364 Pro
454 1297 542 1362 lucro
566 1295 726 1386 tibipone
749 1293 842 1372 diem,
862 1307 1059 1373 quocumque
1080 1289 1213 1355 tuberes.

263 1454 332 1524 quod
349 1469 433 1506 cerum
452 1458 499 1512 est,
518 1467 569 1502 uon
589 1449 638 1500 ulli
656 1448 767 1501 nosceris
785 1463 887 1510 ernrus5
912 1447 957 1498 sed
980 1431 1070 1498 coutru¹
1086 1460 1144 1496 esre
1160 1443 1220 1506 illu,
1245 1459 1311 1510 quse
1327 1442 1390 1494 vilis

264 1548 348 1610 putes,
365 1539 518 1605 ubicumque
537 1553 601 1604 opus
628 1536 674 1598 sit,
697 1536 803 1610 honeste
825 1537 956 1588 ebsumere
979 1532 1093 1586 audebis.
1128 1530 1202 1593 Quod
1219 1530 1264 1597 qui
1279 1545 1331 1580 nen
1348 1527 1388 1580 su-

264 1629 345 1689 ciunt,
368 1625 469 1694 proprie
486 1623 562 1674 avari
582 1620 708 1676 dicuntur?
715 1659 722 1676 .
745 1622 843 1674 uocare
861 1624 926 1676 Veu.
945 1623 988 1678 91.
1009 1616 1274 1680 wiltunensem,
1292 1633 1319 1682 p.
1337 1614 1390 1672 514

264 1712 374 1782 preeiert
390 1710 448 1762 aliie
466 1711 530 1761 bene
547 1709 696 1761 lectionem:
715 1726 804 1760 esurus
822 1707 953 1759 habeberis
970 1706 1026 1760 ulli.

333 1799 374 1853 30.
403 1798 474 1860 Ques
492 1796 592 1863 culpare
614 1797 680 1850 soles
706 1813 772 1848 omn.
798 1796 869 1850 codd.
886 1794 923 1846 It:
947 1795 1011 1845 soleo
1033 1795 1297 1861 eriperemus
1312 1805 1345 1840 ree
1361 1797 1392 1840 tu

266 1884 308 1939 Pr.
326 1882 406 1950 Neep.
425 1882 484 1934 Bes.
504 1881 568 1934 conf.
586 1881 678 1936 Christ.
696 1881 756 1933 Aul.
775 1867 846 1933 (ient.
863 1881 884 1944 I,
903 1881 963 1934 dist.
981 1883 1028 1937 86:
1048 1882 1119 1944 Quee
1137 1879 1213 1932 nitere
1230 1878 1302 1930 iubes
1317 1876 1392 1942 elios,

267 1988 300 2024 ne
318 1970 407 2022 feceris
425 1969 493 2035 ipse:
513 1969 599 2036 Turpe
618 1976 665 2029 est,
684 1967 812 2020 doctorem·
829 1984 886 2018 cum
904 1985 950 2019 sne
967 1968 1041 2035 culpe
1057 1973 1134 2018 notet.
1189 1975 1196 1992 s

335 2057 377 2112 31.
402 2054 515 2106 rideatur
532 2075 565 2100 =
582 2055 693 2115 ridetur,
717 2062 764 2106 est.
783 2061 869 2122 petere
891 2053 920 2104 id
942 2055 1010 2122 quod
1027 2054 1092 2108 Ven.
1109 2053 1151 2110 93.
1169 2052 1259 2104 Deum.
1277 2050 1306 2102 id
1324 2051 1394 2119 qued

267 2144 300 2208 11,
317 2145 341 2198 ’1.
360 2141 429 2194 etult.
447 2148 534 2209 petere
551 2147 586 2191 eet
603 2158 618 2192 e
636 2141 826 2203 recentioribus,
852 2140 896 2208 qui
912 2139 986 2204 bueo,
1009 2141 1090 2194 verbis
1108 2140 1277 2209 neuspositie,
1295 2137 1331 2190 sic
1348 2155 1392 2190 ex-

268 2231 365 2292 hibent,
383 2236 448 2281 teste
466 2226 606 2280 Arntzenio.
626 2227 688 2278 iuste
706 2228 791 2295 regeri
809 2227 849 2280 ed.
868 2227 944 2280 Boill.

338 2319 380 2373 32.
408 2323 437 2366 tu
455 2313 501 2365 riti
517 2314 548 2366 D.
567 2312 638 2368 Leid.
652 2315 691 2366 111
713 2323 740 2366 et
762 2315 801 2368 ed.
819 2313 895 2366 Boill.
919 2323 948 2365 tu
970 2332 1019 2366 om.
1037 2315 1107 2368 Leid.
1125 2315 1151 2367 Π
1172 2323 1198 2368 et
1215 2316 1310 2368 Veterr.
1330 2315 1394 2382 Reg.

270 2433 435 2501 Ignotumque
459 2428 543 2481 Turio.
566 2428 683 2494 Ignotum
706 2401 802 2480 tibimet
824 2428 894 2482 Leid.
915 2430 936 2480 1.
960 2437 986 2481 et
1006 2429 1064 2482 Itsl.
1087 2429 1254 2497 Ignotumque
1275 2429 1321 2481 tibi
1343 2387 1396 2480 ubet

270 2518 322 2570 noli
336 2517 361 2569 R
377 2517 454 2582 (mun.
472 2534 480 2566 ι
498 2514 646 2583 glossatoris
664 2515 756 2569 delevit
774 2531 821 2579 que
839 2523 864 2566 et
880 2524 937 2577 met,
959 2519 1148 2584 suprascribeue
1166 2519 1221 2581 tu).
1255 2517 1395 2584 Ignotsque

271 2604 317 2656 tibi
334 2603 387 2654 noli
404 2605 431 2654 Η
449 2605 476 2670 (ι.
494 2621 527 2655 m.
547 2602 724 2670 suprascripsit
742 2603 804 2668 tum)
824 2619 880 2654 cum
898 2603 996 2669 glossa:
1015 2605 1030 2654 i.
1049 2603 1123 2655 illum
1141 2613 1216 2671 quern
1233 2619 1283 2654 non
1303 2619 1394 2672 cogno·

272 2691 329 2743 scis.
351 2691 396 2742 tibi
418 2690 497 2740 nolito
516 2688 624 2740 Eucbur.
644 2689 739 2756 Gryph.
757 2688 841 2741 Pulm.
866 2689 941 2744 1658.
965 2687 1062 2740 iudicio
1088 2691 1104 2741 i.
1129 2689 1265 2756 sepientis,
1292 2689 1396 2741 consilio

271 2779 361 2831 Deum.
385 2794 433 2830 usu
456 2784 482 2828 et
507 2776 651 2844 cognitione
673 2775 791 2827 Arntzen.
826 2773 866 2825 Ne
889 2775 963 2826 facile
986 2783 1123 2828 commutes
1144 2783 1203 2827 note
1221 2793 1278 2827 oum
1295 2774 1396 2844 ignotis,

272 2873 334 2932 pute
351 2864 466 2927 amicum,
486 2863 523 2915 vel
543 2879 609 2924 rem,
631 2860 671 2912 vel
694 2861 760 2914 vitoe
776 2879 863 2928 genus.
899 2861 971 2913 Notis
997 2863 1063 2914 enim
1081 2863 1236 2915 commodius
1254 2863 1346 2924 uteris,
1365 2862 1397 2913 de

274 2950 364 3018 quibus
382 2949 493 3000 indicere
511 2956 596 3014 potes:
615 2963 680 3014 queo
697 2948 802 2998 sibene
819 2949 1008 3020 sunt,‚reetius
1029 2950 1120 3002 uteris:
1146 2951 1186 3001 sin
1203 2949 1279 3014 melu,
1298 2947 1396 3001 facilius

273 3035 405 3088 tolerabis:
425 3035 627 3102 quandoquidem
645 3034 715 3085 iuxta
732 3033 860 3097 Plautum,
878 3044 938 3086 noto
955 3037 1030 3099 mula,
1055 3037 1122 3088 melu
1138 3055 1191 3089 non
1211 3043 1278 3088 snut.
1307 3034 1396 3102 Ignoto

274 3139 332 3176 vero
350 3121 491 3174 cuiusmodi
507 3121 590 3172 future
607 3121 665 3186 sint,
691 3120 812 3172 incertum
829 3129 875 3174 est.
910 3122 950 3173 Fit
967 3129 1050 3174 entem
1067 3139 1261 3190 saepenumero,
1286 3129 1316 3172 ut
1333 3136 1396 3194 quae

274 3210 300 3262 iu
318 3208 458 3277 expetendo
476 3209 573 3275 putaris
592 3207 679 3274 prime,
697 3207 724 3257 in
741 3208 881 3274 expetendo
899 3209 1033 3276 repudies!
1052 3209 1180 3265 Erasmus.

340 3295 384 3351 «33.
409 3293 513 3363 'incertis
531 3292 610 3344 ΒΚΜ
626 3293 698 3348 1658.
717 3293 782 3360 Aug.
801 3293 877 3347 Vind.
897 3291 994 3351 Erssm.
1012 3295 1089 3350 Boill.
1108 3297 1181 3350 cord.
1199 3295 1271 3350 Orus.
1291 3295 1394 3351 Scriver.

274 3383 365 3437 Deum.
384 3380 439 3433 rell.
458 3379 529 3432 codd.
549 3381 599 3431 mei
616 3379 709 3432 hebent
727 3380 756 3429 iu
774 3380 855 3432 certis
868 3382 1031 3434 Ammonius:
1047 3381 1126 3450 ‘quod
1137 3383 1223 3436 licete
1239 3383 1310 3436 nullo
1327 3401 1395 3437 meo·

276 3489 332 3524 rum
351 3469 428 3522 codd.
446 3469 565 3535 probetur
582 3468 660 3534 (certe
677 3467 714 3518 nil
731 3476 834 3521 monent
853 3467 1026 3534 Collatioues),
1043 3469 1180 3522 intextum
1197 3477 1281 3523 temen
1293 3471 1333 3538 (in
1344 3485 1395 3523 cer-

275 3558 319 3626 tis)
342 3555 513 3625 recipiendum
536 3553 636 3622 pntevi'.
672 3554 762 3605 Dubio
785 3557 836 3608 ritu
858 3565 884 3608 et
906 3557 982 3609 certis
1007 3558 1125 3624 periculis
1142 3567 1246 3612 venuste
1263 3555 1394 3628 oppositio,

275 3645 347 3696 utin
364 3643 425 3696 Hor.
444 3643 470 3697 0.
489 3643 534 3704 IV,
553 3644 578 3706 9,
596 3643 641 3697 35:
664 3642 788 3693 secundis-
799 3643 965 3711 'temporibus
990 3643 1123 3709 dubiisque
1147 3653 1238 3698 rectus.
1271 3627 1394 3698 ¹Arntser'r:

273 3729 400 3782 'Ceterum
417 3729 520 3797 elegens
538 3736 578 3781 est
595 3729 717 3780 hocloco
734 3731 837 3781 uerbum
855 3729 963 3793 versari,
989 3731 1057 3798 quod
1075 3731 1262 3785 multitudinem
1280 3739 1305 3784 et
1322 3729 1394 3784 certi-

276 3815 389 3868 tudinem
407 3815 584 3884 periculorum,
604 3816 753 3883 quibuscum
770 3816 846 3868 homo
864 3817 1021 3880 conflictatur
1036 3819 1161 3884 qnotidie,
1179 3819 1279 3872 abunde
1296 3819 1395 3872 indicet
1459 3837 1467 3856 ·

277 3901 341 3955 coni.
361 3901 432 3955 ovid.
452 3901 481 3954 Ρ.
494 3903 514 3953 Ι.
528 3905 552 3967 2,
573 3903 617 3958 15;
637 3901 752 3966 interque
767 3902 887 3966 pericula
903 3919 997 3956 vereor.
1016 3903 1081 3956 udde
1094 3903 1144 3958 cie.
1157 3906 1233 3959 Arob.
1253 3907 1283 3963 9:
1302 3905 1396 3958 bellum

278 3988 305 4038 ire
331 3988 412 4039 multo
437 3989 558 4040 uarietate
584 3995 715 4042 versatum.
761 3989 859 4040 Terent.
877 3989 944 4041 And.
966 3991 1011 4054 IV,
1036 3994 1060 4055 1,
1081 3992 1127 4048 ἳ5ι
1153 3993 1252 4060 quentis
1275 3993 1302 4043 iu
1325 3991 1395 4044 mulie

278 4090 368 4126 verser.
404 4075 498 4128 Cntull.
518 4077 564 4132 63:
583 4076 609 4127 iu
627 4075 711 4127 medio
729 4081 868 4126 versantem
885 4077 985 4128 turbine
1002 4076 1067 4128 lethi
1079 4085 1125 4132 eto.
1141 4079 1185 4144 qui
1203 4096 1309 4148 cumque
1326 4079 1395 4132 RHY

278 4159 398 4212 ll'lDKX
416 4163 466 4216 328
485 4161 542 4215 Bes.
565 4161 644 4230 Neep.
664 4161 806 4228 quicunque
824 4163 846 4214 B
863 4161 932 4214 Ceut.
951 4164 993 4218 83.'
1018 4163 1080 4216 Veu.
1100 4167 1140 4220 91.
1161 4165 1235 4222 1658.
1272 4165 1394 4234 Scaligert

275 4243 430 4311 ‘quicumque
448 4248 558 4302 laboras.
595 4249 632 4301 Itu
649 4249 743 4301 hebent
760 4265 843 4300 omues
861 4249 992 4314 editiones,
1015 4258 1044 4304 ut
1067 4258 1094 4304 et
1111 4269 1156 4304 nos
1180 4253 1297 4305 vertimus
1315 4251 1395 4322 (ἧμας

279 4331 308 4383 ἐν
328 4329 350 4383 ὦ
367 4332 494 4400 πονέσις).
531 4334 581 4386 Sed
604 4334 677 4387 nobis
701 4341 798 4387 constet
820 4335 954 4388 Auctorem
978 4336 1121 4405 scripsisse:
1144 4367 1176 4376 -
1199 4337 1343 4408 quicunque
1359 4354 1393 4392 ec-

280 4427 380 4485 quctur.
417 4422 500 4484 Quum
519 4421 568 4474 vite
587 4422 681 4474 incerte
699 4423 743 4484 eit3
769 4439 944 4492 quemcunque
967 4423 1032 4477 diem
1050 4425 1120 4477 Deus
1138 4433 1248 4494 opponet
1264 4417 1394 4494 praesenti,
