3170 5090
661 440 761 494 LIBER
777 443 821 495 IV.

225 603 275 664 48.
311 598 388 664 Cum
411 598 468 664 tibi
491 597 657 680 eontigerit
679 597 784 664 studio
800 615 986 680 cognoscere
1007 599 1116 680 multa,

308 704 371 770 Fae
394 705 495 770 discas
517 705 617 770 multa
638 708 671 770 et
692 704 757 769 vita
778 705 899 772 nescire
922 707 1034 772 doceri.

347 873 393 929 Ἠν
410 877 532 946 γαμετὴν
551 876 673 946 οἰκουρὸν
693 873 766 948 ἔχῃς,
784 875 818 928 τὰ
836 876 866 927 δὲ
880 877 1012 948 χρήματα
1030 877 1099 931 σῶα.

354 958 407 1015 Καὶ
425 966 496 1015 σῶον
514 962 593 1022 κλέος
609 957 635 1036 ᾗ,
654 962 750 1030 ἀφίλοο
768 963 846 1031 φίλου
865 962 951 1026 ὄνομα
968 967 1061 1033 φεῦγε,

203 1076 331 1135 tamquam
349 1069 431 1119 dicere
448 1069 520 1120 velit:
539 1086 589 1120 uon
607 1069 682 1120 debet
699 1068 774 1120 flotus
793 1087 850 1120 esse
867 1071 961 1120 amious
980 1070 1033 1133 ille,
1058 1071 1098 1121 cui
1123 1087 1210 1122 omues
1235 1075 1320 1136 partes

203 1155 328 1206 felicitatis
346 1163 467 1215 coustant,
486 1173 501 1206 a
518 1156 684 1216 matrimonio,
702 1173 717 1206 a
735 1158 810 1216 fama,
827 1174 843 1206 a
860 1173 888 1207 re
904 1157 1029 1210 familiari.
1065 1158 1137 1209 Nihil
1156 1157 1222 1208 euim
1242 1171 1320 1207 exou-

206 1249 252 1302 sat,
271 1241 331 1307 quin
350 1257 423 1306 opem
442 1243 528 1293 amieis
545 1242 626 1293 ferat’.
662 1242 797 1293 Erasmus:
817 1241 845 1294 Si
863 1261 959 1311 pauper
977 1244 1095 1295 habueris
1113 1261 1231 1302 uxorem,
1258 1257 1322 1307 quae

203 1327 300 1378 laboret
325 1327 400 1390 sama,
427 1329 475 1379 boe
502 1335 547 1388 est,
576 1328 607 1378 de
634 1345 684 1395 qua
710 1328 825 1379 homiues
843 1329 909 1380 male
933 1329 1075 1396 loquantur,
1098 1329 1188 1396 (dueas
1212 1329 1239 1379 id
1264 1326 1321 1391 est),

204 1413 339 1473 existimes,
357 1431 450 1465 nomeu
468 1413 542 1464 amici
560 1414 690 1465 vitandum
707 1431 772 1473 esee,
790 1422 878 1480 utpote
896 1415 1024 1466 inimicum
1042 1418 1123 1466 famae
1141 1424 1206 1465 tuae.
1238 1413 1319 1463 Vide-

204 1499 270 1550 beris
288 1499 353 1550 euim
372 1501 522 1566 prostituere
538 1518 640 1552 uxorem
657 1501 705 1551 boo
723 1507 861 1568 praetextu.
896 1501 930 1552 Et
952 1502 1001 1553 hoo
1024 1502 1125 1553 nomine
1149 1501 1237 1552 divites
1260 1516 1322 1567 pau-

207 1602 294 1652 perum
312 1602 401 1637 uxores
421 1592 527 1649 captant.
563 1587 601 1636 lta
618 1586 800 1652 propemodum
819 1585 961 1646 Plauudee;
987 1587 1088 1638 tametsi
1107 1594 1189 1654 potest
1214 1594 1239 1637 et
1256 1585 1320 1636 alius
1350 1603 1354 1612 ·

206 1687 263 1721 esse
281 1689 379 1732 sensus,
397 1670 514 1720 nimirum
533 1670 585 1721 hio:
617 1671 645 1720 Si
663 1671 709 1721 tibi
727 1671 760 1721 sit
776 1688 838 1722 uxor
855 1687 882 1722 se
900 1672 960 1721 satis
980 1671 1049 1722 lauta
1065 1672 1183 1738 famaque
1201 1669 1321 1730 secunda,

205 1757 282 1808 nolite
301 1757 360 1808 dara
376 1757 402 1807 in
419 1756 613 1808 familiaritatem
631 1763 775 1823 potentum:
802 1774 835 1807 ne
859 1757 919 1824 quid
941 1757 1006 1808 labis
1023 1757 1094 1807 uxori
1111 1755 1207 1824 tibique
1224 1763 1322 1808 coutra-

207 1843 269 1894 hao'.
305 1842 447 1894 Plauudes:

358 1958 473 2033 Πτωχός
489 1960 541 2013 ἐὼν
560 1961 603 2013 καλ
621 1961 689 2034 ἔχων
707 1961 799 2014 κάλλει
816 1961 965 2032 περίπυσον
985 1957 1094 2013 ἄκοιτιν·

358 2044 547 2112 Πλοττόμενον
566 2049 654 2118 φιλιὴν
672 2049 752 2100 κακὸν
771 2049 873 2120 ἐχθρὸν
892 2049 980 2120 πάγχυ
999 2047 1146 2117 φυλάσσου.
1216 2109 1220 2122 1

210 2169 284 2221 amici
308 2170 390 2220 notavi
416 2187 446 2222 ex
468 2170 717 2223 RSHETZBDFKV
737 2169 797 2223 Bas.
821 2171 900 2238 Neap.
925 2171 1005 2223 Veun.
1030 2174 1070 2226 91.
1090 2173 1130 2226 93.
1167 2171 1224 2222 ‘Pro
1250 2171 1325 2222 amici

207 2255 312 2306 Seriver.
330 2257 424 2307 amiooe
442 2257 529 2317 edidit,
548 2257 611 2308 forte
629 2275 659 2308 ex
678 2257 820 2309 coniectura
837 2258 950 2309 Ilreheri’
968 2257 1096 2319 Arntuen„
1122 2263 1162 2308 ‘ex
1185 2258 1250 2309 libro
1276 2275 1321 2307 au·

205 2342 285 2408 tique,
304 2360 353 2408 quo
377 2343 459 2409 ipsum
484 2362 557 2394 usum
581 2361 637 2394 esse
664 2344 814 2410 suspicatur’
838 2344 1033 2412 Canuegieterus
1057 2363 1081 2411 p.
1100 2345 1163 2404 415,Ι
1184 2344 1227 2410 qui
1250 2360 1322 2410 capp.

206 2427 264 2479 XX.
281 2427 343 2478 XXI
361 2436 386 2478 et
403 2428 476 2480 XXII
494 2430 525 2480 de
543 2430 589 2481 hoe
607 2430 728 2489 Dietieho,
747 2429 830 2500 amieo
848 2448 868 2482 e.
881 2430 974 2496 amipa,
994 2431 1025 2480 de
1043 2428 1192 2495 concubina,
1211 2429 1242 2479 de
1260 2446 1322 2479 eou-

209 2515 326 2566 oubiuatu
345 2515 488 2566 maritorum
506 2524 582 2583 atque
601 2517 632 2567 de
649 2515 758 2583 antiquis
776 2515 875 2583 legibus
894 2517 1072 2582 Imperatorum
1092 2516 1163 2566 docta
1179 2515 1321 2581 prolixitate

209 2601 324 2668 disputat.
344 2601 443 2652 inimici
459 2619 550 2652 momen
568 2603 644 2652 amici
666 2603 736 2653 Leid.
753 2603 785 2654 ΙΙ.
804 2603 869 2656 Coll.
886 2603 960 2654 Voss.
979 2611 1005 2654 et
1021 2603 1079 2654 Vet.
1097 2603 1159 2668 Reg.
1194 2603 1224 2652 ln
1242 2601 1260 2650 Z
1277 2618 1324 2652 vox

205 2703 296 2740 nomeu
314 2707 386 2740 erasa
403 2697 454 2740 est:
474 2689 575 2740 inimicis
611 2687 731 2750 nlllllllll
749 2690 830 2740 amici.

275 2793 316 2844 48.
334 2790 483 2857 contingerit
506 2809 562 2842 oum
589 2807 676 2842 rasura
696 2791 724 2840 Τ.
744 2790 894 2857 contingerit
919 2790 962 2842 SV
979 2791 1042 2842 Ven.
1061 2793 1102 2848 91.
1121 2790 1273 2856 contingeret
1291 2790 1324 2841 D.

210 2877 339 2942 contingat
360 2877 433 2932 1658.
452 2893 483 2926 ao
500 2876 627 2940 disalllllf
645 2877 694 2942 (siu
713 2876 810 2942 rasura)
827 2877 868 2926 Pr.
897 2879 949 2927 Fac
965 2876 1080 2939 dilllleas
1099 2876 1117 2927 S
1135 2877 1239 2943 (rasura.
1260 2875 1327 2926 Hiuo

208 2962 316 3024 Quidam
333 2963 437 3014 liberius
454 2965 580 3014 temtavit:
599 2962 650 3013 Fae
670 2961 742 3012 dicae
759 2959 852 3026 multis,
872 2963 957 3012 vitane
974 2962 1071 3013 ueseire
1089 2962 1184 3014 dooere.
1213 2963 1326 3024 Quocum

207 3048 319 3100 conferas
337 3067 414 3116 supra
431 3049 476 3110 IV,
494 3051 535 3104 23.
571 3050 621 3101 Fau
639 3051 720 3100 discat
738 3049 828 3100 RHEZ
847 3049 951 3114 (distat).
988 3049 1044 3099 Fac
1061 3048 1149 3112 sapias
1167 3047 1252 3096 auimo
1276 3049 1326 3099 vita

208 3135 303 3187 nescire
320 3136 403 3186 dooeri
423 3135 452 3188 B.
471 3136 527 3187 rell.
562 3137 612 3187 uae
636 3137 719 3188 diseas
742 3137 821 3187 multa
843 3136 901 3195 vita,
926 3153 974 3186 om.
999 3143 1031 3196 et,
1055 3133 1265 3185 usHuuzssKM
1282 3134 1327 3184 Pr.

208 3231 254 3274 eto.
273 3223 326 3274 uita
344 3221 440 3272 nescire
459 3221 542 3272 doceri
564 3222 715 3274 RHZxBV
739 3223 812 3289 Digb.
836 3224 893 3274 Ital.
913 3223 993 3274 Caxtt.
1011 3221 1069 3276 861.
1089 3223 1130 3276 83·
1153 3224 1205 3272 vita
1228 3218 1326 3269 nescir&

208 3309 295 3360 docere
314 3309 335 3359 ’P
353 3317 380 3360 et
398 3309 414 3358 S
433 3310 469 3374 (1.
489 3325 521 3359 m.
535 3316 596 3360 mut.
608 3309 616 3358 i
628 3311 655 3358 iu
667 3309 700 3374 e).
717 3309 767 3360 vita
784 3309 914 3360 nouvelle
932 3307 1016 3358 doceri
1034 3305 1120 3374 (lamp.
1138 3306 1193 3361 rell.
1211 3305 1264 3355 vito
1287 3304 1327 3355 teil

207 3394 268 3446 uelle
286 3395 371 3445 doceri
389 3394 504 3460 (Seriver.
523 3403 551 3446 et
572 3395 681 3460 Deum).
718 3395 823 3446 Withof.
847 3413 871 3462 p.
891 3397 954 3450 574:
979 3396 1030 3444 Fae
1052 3394 1151 3444 disoeno
1173 3393 1232 3442 vites
1255 3392 1327 3442 oltra

207 3483 243 3534 uil
260 3481 327 3534 velle
345 3481 435 3532 doceri.
470 3479 605 3532 1³0th
623 3481 702 3530 multa
720 3480 826 3531 uitauit
844 3481 906 3530 velle
924 3479 1016 3532 doceri.
1035 3479 1076 3529 nit
1099 3477 1196 3528 discere
1212 3477 1274 3528 uelle
1291 3477 1327 3529 M.

209 3569 325 3635 Adiungo
343 3585 455 3634 eaquae
474 3568 506 3618 de
523 3567 673 3618 lectionibus
690 3569 766 3618 huius
784 3583 871 3618 versus
888 3566 964 3617 refert
983 3565 1142 3627 Ammonius,
1164 3565 1205 3630 qui
1226 3565 1327 3614 brevem

209 3655 333 3722 syllabam
352 3657 377 3705 iu
395 3674 419 3710 v.
438 3656 518 3706 multa
537 3653 613 3720 (eouf.
631 3655 652 3715 I,
671 3657 686 3708 'f
705 3655 769 3706 leuis
788 3655 845 3719 eto.)
863 3671 908 3721 pro
926 3652 1002 3718 longa
1025 3651 1148 3717 accipiens
1175 3650 1249 3716 legit:
1277 3649 1328 3699 Fae

209 3742 290 3794 discas
307 3741 395 3806 multo,
412 3742 467 3792 vito
483 3741 581 3791 nescire
598 3739 695 3794 docere.
731 3740 798 3792 Sunt
815 3748 898 3791 autem
915 3739 990 3788 haee:
1016 3736 1073 3786 Fac
1090 3735 1175 3786 diam
1192 3734 1280 3796 οιυλτο,
1305 3729 1328 3783 'et

208 3827 261 3878 vita
276 3828 316 3878 mil
332 3829 393 3880 velle
411 3828 502 3882 doceri.
538 3829 605 3882 Vett.
623 3829 688 3879 Edd.
706 3828 774 3894 Lips.
793 3839 819 3878 et
836 3826 890 3878 cot.
926 3825 984 3875 Veto
995 3823 1091 3874 nescire
1103 3821 1199 3882 doceri,
1210 3820 1328 3887 pulchre,

209 3915 302 3968 iudicio
320 3916 423 3967 Barthii.
443 3919 547 3967 Aeaeus.
565 3916 629 3968 Ilris.
647 3916 721 3966 Gord.
740 3915 839 3976 Leutul.
857 3921 882 3965 et
899 3913 981 3963 Pulm.
1023 3909 1083 3960 tices
1100 3907 1139 3957 nil
1156 3907 1216 3957 velle
1234 3903 1327 3957 doceri.

212 4002 343 4055 Daumius.
380 4003 423 4054 sio
441 4004 544 4070 vulgati.
582 4004 679 4066 Quibus
697 4002 863 4068 adstipulatur
880 4000 961 4052 Pulm.
980 3997 1027 4049 ttd.
1046 3996 1072 4046 iu
1095 3994 1213 4060 margine.
1249 3992 1328 4042 Peius

209 4090 256 4142 Ed.
275 4089 346 4140 crue.
365 4090 393 4140 F.
412 4090 436 4140 d.
455 4109 488 4142 m.
506 4099 529 4140 et
545 4090 606 4140 vites
622 4090 662 4140 nil
678 4089 740 4140 velle
757 4088 850 4140 doceri.
877 4087 930 4138 Nee
941 4085 1032 4136 melius
1045 4083 1160 4133 Tremou.
1179 4079 1235 4129 Fac
1247 4079 1329 4128 multo

209 4183 238 4226 ut
255 4175 349 4238 dacos,
366 4175 426 4226 uites
442 4175 541 4227 nescire
558 4176 652 4226 doceri.
686 4176 728 4227 Ab
752 4175 799 4226 heo
821 4173 953 4242 paululum
976 4169 1028 4220 abit
1050 4168 1129 4219 Paris.
1171 4165 1228 4216 Fue
1247 4164 1329 4230 plura

209 4271 237 4312 ut
255 4261 346 4323 debeas,
364 4261 424 4312 vites
441 4262 538 4313 nescire
555 4260 647 4314 doceri.
683 4261 717 4312 Et
733 4261 829 4311 omisso
847 4275 886 4328 τῳ
905 4266 943 4308 et:
968 4255 1025 4305 Fae
1048 4255 1133 4305 diacus
1158 4251 1245 4314 multa,
1269 4250 1329 4300 vitea

208 4347 305 4398 nmeire
328 4346 421 4399 doceri.
464 4348 561 4399 Erasm.
586 4348 681 4414 Gryph.
704 4354 730 4398 et
752 4345 825 4396 cord.
862 4344 927 4394 Tum
955 4341 1011 4391 Fac
1038 4340 1122 4390 diseas
1149 4338 1238 4396 multu,
1266 4336 1328 4386 vites

211 4435 310 4488 nescire
328 4433 420 4487 dooeri.
455 4432 530 4486 Boiu.
550 4431 623 4486 eoru.
642 4432 747 4486 Chouet.
766 4430 872 4484 Euchar.
891 4437 916 4482 et
935 4427 1017 4482 Pulm.
1035 4426 1061 4478 in
1078 4433 1158 4478 textu.
1189 4424 1218 4477 lu
1236 4421 1327 4492 quibus
