3170 5090
309 468 344 521 38
682 463 776 516 CATO
794 461 1040 515 mmosornvs.

340 626 368 686 6.
402 619 571 702 Interpone
593 619 658 684 tuis
679 617 839 684 interdum
861 617 981 700 gaudia
1003 615 1095 696 curie,

406 724 450 791 Vt
470 724 572 806 possis
594 723 698 788 animo
720 721 861 805 quemvis
884 721 1015 787 sufferre
1036 720 1185 786 laborem.

340 835 368 893 7.
403 826 543 893 Alterius
565 827 683 894 lactum
705 826 882 894 aedictum
904 845 944 892 ne
965 824 1121 908 carpseris
1141 839 1306 906 umquem:

407 931 559 1014 Exemplo
581 931 676 996 simili
698 950 738 996 ne
760 935 792 996 te
816 930 958 996 derideat
980 929 1069 996 alter.

338 1041 367 1100 8.
402 1035 492 1114 Quod
514 1035 573 1101 tibi
595 1034 659 1102 lcrs
683 1035 805 1101 dederit
827 1034 945 1101 tabulis
968 1051 1115 1114 supreme
1136 1036 1255 1112 notato,

406 1137 558 1220 Augendo
581 1155 681 1218 serve,
705 1155 745 1203 ne
767 1137 819 1219 sis,
843 1155 936 1220 quem
958 1134 1043 1202 fama
1064 1136 1222 1218 loquatur.

259 1301 261 1310 ,
338 1247 367 1308 9.
402 1239 481 1306 Oum
504 1241 562 1307 tibi
584 1240 711 1306 divitiae
733 1245 884 1324 superant
905 1241 937 1306 in
959 1237 1021 1306 fine
1043 1239 1198 1320 senectae,

407 1342 573 1411 Munilicus
595 1341 689 1410 facito
712 1343 809 1426 vivas,
832 1361 893 1408 non
916 1361 1040 1426 parcus,
1063 1342 1180 1408 amicis.

378 1518 401 1571 6.
428 1531 502 1580 quem
524 1515 562 1568 cie
584 1516 691 1569 scribere
714 1532 774 1568 cnm
796 1515 857 1567 Viro
880 1515 960 1568 Docto
983 1534 1024 1586 ap.
1042 1516 1161 1568 Arntaen.
1178 1513 1282 1566 minime
1300 1528 1362 1580 opus
1381 1519 1433 1565 est.

306 1601 403 1653 Eadem
426 1602 551 1655 sententia
577 1603 683 1654 occurrit
709 1602 735 1653 in
762 1601 878 1654 Phaedre
896 1602 941 1665 ΙΙΙ,
962 1603 1002 1657 14.
1039 1601 1136 1654 Seneca
1160 1601 1191 1652 de
1213 1601 1304 1670 Trauq.
1324 1618 1363 1652 au.
1384 1599 1430 1655 15.

308 1673 508 1742 Arduoe'rom.
526 1689 595 1753 vm,
614 1690 639 1744 e.

375 1777 400 1829 7.
433 1772 544 1827 Vlteriue
561 1777 594 1830 D.
604 1775 710 1841 sactum
728 1792 758 1828 ac
776 1774 872 1826 dietum
894 1773 985 1828 Yan
1009 1782 1035 1826 et
1051 1775 1075 1826 R
1092 1775 1127 1842 (2.
1146 1792 1179 1825 m.
1198 1781 1258 1825 mut.
1277 1790 1308 1823 ac
1326 1773 1352 1824 in
1370 1771 1431 1839 aad)

307 1861 390 1916 Turia.
408 1863 501 1914 sactum
518 1862 597 1925 nellle
614 1863 755 1931 Emesam.
780 1866 804 1918 2.
822 1881 855 1915 m.
881 1880 945 1915 saec.
963 1861 995 1916 K
1019 1877 1120 1928 suprap.
1146 1865 1179 1926 et)
1206 1860 1269 1929 μήτ’
1288 1859 1431 1914 Planudes.

301 1949 404 2014 saetam
421 1948 460 1998 vel
477 1947 571 2000 dictum
589 1949 617 2000 M
635 1949 723 2019 Oamp.
748 1949 846 2004 dictum
868 1951 906 2001 vel
922 1950 1016 2001 fectum
1036 1947 1105 2000 Dnv
1123 1948 1192 2000 Cart.
1212 1947 1254 2003 83.
1271 1946 1329 1999 Bae.
1347 1945 1431 2014 Neap.

307 2032 404 2083 dictum
430 2041 475 2084 arat
502 2035 520 2086 f.
538 2033 609 2091 BKX
632 2034 696 2086 Vox.
719 2033 775 2084 Vel.
801 2033 886 2085 Chart.
910 2033 981 2088 Leid.
1000 2034 1045 2084 111.
1068 2033 1109 2084 Pr.
1128 2031 1199 2085 Caxt.
1219 2034 1276 2088 861.
1304 2033 1367 2084 Ven.
1386 2033 1431 2088 93.

307 2120 399 2172 Deum.
417 2119 535 2173 Arntaen.
545 2121 651 2186 sactum
669 2127 714 2171 aat
732 2121 756 2172 d.
776 2118 897 2188 Scaliger.
917 2119 973 2172 Ital.
993 2119 1097 2172 Scriver.
1136 2119 1164 2170 ln
1183 2107 1284 2169 'ferent
1303 2117 1384 2173 Andr.
1393 2119 1430 2178 ΙΙ,

306 2207 334 2268 3,
352 2208 376 2260 7.
403 2206 494 2259 Heaut.
512 2207 558 2269 lV,
576 2207 601 2268 5,
621 2209 653 2261 12
676 2206 727 2257 elio
751 2214 835 2258 tamen
859 2223 935 2258 sensu
952 2206 1057 2273 legitur:
1082 2204 1180 2256 dictam
1204 2221 1236 2254 ae
1257 2203 1357 2255 fectum.
1381 2219 1431 2254 nec

307 2309 388 2360 carpe.
417 2293 500 2344 Turia.
527 2308 634 2357 carpere
660 2295 678 2345 i.
704 2293 882 2360 perstringere,
910 2289 1037 2346 decidere.
1073 2291 1146 2343 Orid.
1169 2290 1243 2343 Pont.
1260 2291 1306 2351 111,
1331 2293 1355 2352 l,
1381 2292 1429 2346 64:

306 2381 378 2432 secta.
397 2379 449 2432 cie.
467 2378 540 2432 Belb.
559 2381 608 2434 26:
626 2379 752 2432 maledico
770 2363 854 2431 dente.

375 2465 401 2520 8.
428 2465 482 2528 Qua
499 2463 545 2517 tibi
562 2465 594 2518 V.
624 2463 696 2528 Quae
713 2465 758 2518 tibi
779 2463 842 2517 ‘Vct
860 2464 943 2518 (lbert.
961 2472 987 2517 et
1005 2465 1070 2516 ltdd.
1084 2465 1152 2533 Aug.
1165 2463 1241 2519 vind.
1254 2465 1333 2516 nucu.
1346 2463 1431 2517 Trem.

307 2552 404 2604 Erasm.
433 2552 528 2621 Gryph.
556 2551 631 2604 (iord.
658 2551 729 2603 (truc.
753 2559 778 2603 et
796 2552 919 2625 quaedam
936 2553 1108 2614 recentiores’,
1136 2551 1307 2619 adstipulante
1324 2551 1427 2602 Canne-

307 2639 402 2706 gietero
411 2638 474 2703 sore
490 2654 611 2704 eaprema
628 2637 645 2690 i.
664 2637 813 2691 baereditas.
841 2637 904 2692 Hor.
918 2638 948 2692 n.
959 2639 993 2700 H,
1003 2640 1028 2704 2,
1049 2639 1106 2694 173.
1126 2637 1220 2690 tatutis
1237 2657 1258 2690 e.
1276 2637 1431 2690 testamenti.

307 2725 362 2778 Inv.
379 2725 413 2787 H,
431 2725 473 2780 58.
490 2723 535 2786 IV,
556 2726 595 2779 19.
613 2723 671 2786 XII,
691 2725 749 2780 123.
761 2723 830 2786 XIV,
843 2725 885 2781 55.
911 2724 1022 2777 Briescn.
1042 2725 1073 2776 de
1090 2723 1215 2776 Permulis
1233 2741 1258 2791 p.
1276 2726 1335 2780 528.
1353 2725 1430 2778 Ovid.

307 2812 340 2865 Α.
357 2812 390 2872 11,
408 2813 467 2867 332.
502 2811 609 2866 Martial.
629 2812 661 2874 V,
679 2813 723 2873 41,
741 2812 772 2866 2:
798 2827 931 2876 supremae
948 2812 1049 2864 tabulas
1065 2812 1172 2880 signare.
1207 2811 1272 2862 Plin.
1294 2811 1324 2862 ΙΙ.
1342 2811 1375 2872 11,
1394 2813 1431 2865 20

309 2906 354 2950 etc.
372 2906 459 2949 notato
478 2900 495 2950 i.
514 2898 617 2966 ‘scripto
635 2897 661 2949 in
679 2897 774 2950 tabulis
791 2897 952 2950 testamenti’.
987 2899 1022 2949 At
1038 2897 1167 2949 Planudes
1189 2905 1276 2948 notato
1295 2897 1432 2950 verbaliter

307 2983 417 3036 reddidit
443 2981 565 3054 ἔγγραφε
592 2983 701 3054 κλῆρον,
727 2983 758 3036 ὅν
786 2982 865 3043 darec
890 2983 1030 3054 πατρόθεν
1054 2983 1178 3053 ἔγγραφέ
1196 3001 1242 3047 μοι
1259 2983 1430 3046 πινάκεσσιν;

307 3071 374 3123 adde
391 3071 530 3123 Zuberum:
555 3069 661 3140 τήρεε
680 3069 765 3140 δέλτῳ
782 3079 808 3124 et
824 3071 942 3140 Mylium:
966 3069 1082 3122 δέλτοίσι
1100 3068 1282 3139 φύλαξον),
1302 3087 1378 3138 quum
1397 3071 1432 3122 sit
1505 3138 1510 3150 .
1578 3115 1579 3146 ,

306 3156 496 3226 γεγραμμένῳ,
516 3173 547 3208 ex
564 3157 684 3225 Scaligeri
701 3157 833 3210 sententia·
862 3157 999 3211 Erasmus:
1019 3157 1103 3221 ‘Quod
1120 3159 1166 3210 tibi
1183 3158 1285 3211 obvenit
1302 3174 1332 3208 ex
1348 3165 1429 3208 testa·

307 3251 393 3296 mente
411 3252 519 3306 tuorum,
537 3243 564 3295 id
581 3261 661 3305 serva,
679 3261 712 3296 ne
729 3243 776 3296 tias
787 3244 863 3312 vulgo
875 3243 961 3296 fabula
978 3243 1066 3312 (deod
1075 3245 1138 3310 sere
1155 3243 1286 3311 suprema)
1304 3245 1321 3296 i.
1332 3261 1354 3298 e.
1366 3244 1429 3295 hae-

288 3320 408 3394 reditas,
426 3329 538 3399 (dederit
555 3329 602 3382 tibi
619 3332 716 3400 notato)
735 3334 752 3384 i.
774 3349 796 3383 e.
817 3331 936 3398 inscripto
959 3332 1053 3385 tabulis
1070 3331 1289 3392 instrumentalis,
1307 3331 1348 3383 vel
1366 3329 1425 3396 (no-

306 3418 370 3484 tata)
387 3417 404 3470 i.
423 3434 445 3470 e.
464 3419 558 3484 scripta
575 3417 682 3480 tabulis,
705 3417 835 3485 (augendo
858 3419 941 3484 serua)
957 3419 973 3470 i.
992 3435 1014 3469 e.
1032 3415 1067 3469 ita
1083 3435 1163 3480 serva,
1188 3425 1217 3470 ut
1234 3433 1326 3484 augeas
1345 3416 1429 3469 etiam.

306 3504 406 3571 Vulgus
420 3504 487 3556 enim
504 3503 585 3556 multe
603 3504 685 3557 dicere
702 3505 775 3570 solet,
800 3505 826 3556 in
845 3501 1025 3562 νεοπλούτους
1042 3505 1058 3556 i.
1077 3521 1099 3558 e.
1119 3505 1146 3556 in
1164 3521 1241 3556 novae
1259 3511 1345 3556 nactos
1364 3503 1428 3555 divi-

306 3591 372 3644 tias'.
407 3590 512 3645 Withof.
531 3607 555 3658 p.
575 3592 635 3652 454,
654 3589 707 3657 ‘qui
732 3607 778 3658 pro
799 3589 926 3657 degenda
942 3607 1017 3642 serva
1034 3598 1160 3658 exspectat
1177 3607 1242 3656 auge
1259 3587 1386 3642 servanda
1404 3597 1431 3641 et

306 3679 382 3729 verba
398 3693 431 3728 rae
447 3677 491 3739 eie,
510 3693 584 3742 quem
596 3679 674 3745 sama
690 3677 814 3741 loquatur
830 3678 893 3730 nihil
911 3679 981 3730 alind
998 3679 1135 3746 significari
1150 3696 1226 3746 posse
1239 3679 1275 3730 ait
1287 3695 1375 3745 quam:
1395 3693 1429 3728 ne

307 3763 342 3816 eie
361 3763 405 3829 qui
423 3763 564 3826 celebreris,
582 3763 625 3830 qui
642 3763 785 3828 nomineris,
804 3765 889 3816 neeis
908 3765 989 3818 clerus
1008 3765 1078 3832 (Sen.
1096 3764 1170 3818 Herc.
1186 3763 1242 3816 Oct.
1261 3765 1324 3820 205:
1345 3763 1431 3813 Fama

306 3850 427 3913 loquetur
443 3850 461 3902 i.
480 3849 635 3917 celebrabit),
653 3850 839 3902 emendandum
857 3851 967 3903 cenauit:
986 3849 1115 3918 degendo
1133 3867 1228 3912 cara,
1253 3867 1285 3902 ne
1302 3864 1431 3915 ecquem

299 3939 379 4004 sarna
395 3935 517 4000 loquatur
534 3937 550 3988 i.
569 3955 591 3990 e.
610 3938 679 4006 quod
703 3937 749 3990 tibi
766 3955 820 3990 sore
838 3936 927 3990 ultima
944 3939 970 3990 in
991 3945 1140 3989 testamento
1158 3935 1265 3998 dederit,
1282 3935 1348 3986 illud
1367 3935 1428 3986 dnm

306 4040 393 4092 auges,
411 4039 483 4086 cura,
499 4041 532 4075 ue
549 4026 616 4075 lema
636 4024 756 4091 loquatur
772 4031 799 4076 et
818 4023 979 4086 disseminet,
1004 4031 1030 4075 te
1047 4041 1104 4075 esse
1120 4024 1250 4075 hominem
1268 4039 1371 4091 segnem
1377 4057 1385 4084 ,
1405 4029 1431 4073 et

306 4109 435 4178 ignavum,
453 4109 496 4176 qui
513 4111 594 4162 instar
611 4111 727 4163 draconis
745 4111 785 4163 rel
804 4111 932 4162 incumbat
948 4112 1074 4170 thesauro,
1092 4109 1224 4162 ueletiam
1241 4109 1360 4177 negligat,
1380 4125 1431 4162 nec

306 4213 364 4248 eum
382 4195 482 4262 propria
499 4196 630 4265 diligentia
647 4215 740 4266 augere
758 4199 851 4265 queat'.
872 4200 937 4250 conf.
956 4198 977 4259 I,
996 4198 1043 4251 39:
1062 4197 1188 4249 conserva
1205 4196 1292 4262 potius
1306 4202 1354 4250 etc.
1374 4195 1430 4244 Au-

306 4282 401 4352 gendae
418 4298 487 4334 serva
505 4282 586 4336 Turia.
606 4299 742 4350 suppreme
760 4285 780 4336 Τ
799 4283 870 4336 Caxt.
889 4285 948 4340 861.
973 4284 1040 4336 fama
1056 4290 1173 4350 aequatur
1192 4280 1263 4336 Caxt.
1282 4281 1341 4336 861.
1360 4294 1429 4345 supr.

306 4377 397 4423 uocato
414 4370 457 4426 Pr.

375 4460 399 4514 9.
425 4464 549 4523 cuperant
567 4458 585 4509 i.
604 4465 747 4524 supersunt.
771 4457 800 4508 in
824 4457 874 4514 dne
892 4464 1005 4508 senectae
1023 4456 1049 4508 6ἰ.
1067 4463 1178 4508 extrema
1196 4462 1333 4516 senectute,
1353 4471 1431 4520 quam
