3170 5090
713 449 804 502 GAPO
818 447 1068 504 rflnrosoruvs.

786 604 830 647 Per
842 614 899 656 quac
912 605 1021 648 unctum
1034 603 1098 646 vittis
1112 602 1228 646 deducitur
1241 615 1327 648 ιιιιιιι.
1420 605 1446 645 1⁰

781 674 842 725 Erec
855 673 917 725 ader,
931 675 955 716 st
968 683 1023 724 quse
1037 673 1067 716 sit
1080 675 1199 726 supientia,
1213 673 1274 716 duca
1288 675 1390 724 legendo.

368 875 396 936 1.
431 867 465 934 Si
486 871 585 952 petes,
607 866 722 952 ignotis
744 867 839 934 etiam
860 867 1010 952 prodesse
1030 868 1201 942 mement03

428 970 543 1039 Vtilius
566 989 663 1054 regno
685 974 744 1052 est,
766 971 887 1038 meritis
909 971 1076 1056 adquirere
1098 970 1223 1036 amieos.

365 1079 394 1140 2.
427 1075 519 1142 Mitte
541 1091 657 1140 arcana
676 1072 735 1140 Dei
758 1072 940 1158 caelumque
961 1074 1119 1156 inquirere
1140 1073 1217 1156 quid
1239 1071 1296 1140 sit:

429 1175 509 1244 Cum
530 1178 573 1244 sis
595 1176 745 1253 mortalis,
767 1194 848 1257 quae
870 1181 944 1244 sunt
965 1176 1118 1254 mortalia,
1141 1195 1226 1243 cura.

366 1286 394 1347 3.
426 1281 547 1362 Linque
569 1285 687 1347 metum
706 1279 798 1361 loeti;
820 1298 893 1346 narn
915 1279 1046 1346 stultum
1061 1285 1110 1347 est
1133 1284 1274 1363 tempore
1295 1278 1327 1344 in
1346 1279 1446 1361 omni,

427 1384 511 1450 Dum
532 1387 664 1450 mortem
686 1387 819 1469 metuas,
842 1384 988 1452 amittere
1010 1385 1125 1467 gaudia
1146 1385 1238 1452 vitae.

321 1560 362 1614 10.
378 1556 405 1609 iu
422 1557 501 1611 Raul.
513 1558 546 1614 59
559 1556 664 1608 omissos
678 1573 741 1610 asse.
759 1555 829 1608 viciis
847 1564 903 1612 vett
923 1563 950 1610 et
966 1557 1114 1609 recentiores
1127 1556 1199 1609 codd.
1222 1563 1251 1608 ut
1270 1554 1446 1611 SBDMVXK

319 1645 370 1700 328
393 1643 467 1712 Digb.
490 1643 567 1696 maol.
590 1645 631 1700 60.
654 1643 696 1696 Pr.
720 1643 881 1714 Oaxttssdl·
905 1644 947 1699 83.
966 1643 1029 1698 Veu.
1048 1645 1090 1698 91.
1113 1641 1194 1710 Neap.
1219 1641 1357 1694 deducitur
1374 1661 1445 1696 omn.

319 1730 390 1784 cedd.
408 1729 579 1798 plurimaeque
596 1729 662 1780 Edd.
679 1729 845 1782 Arntaanius:
865 1729 901 1781 sic
920 1746 1007 1780 omnes
1024 1729 1098 1784 codd.
1122 1729 1200 1782 nostri
1217 1728 1279 1782 Mss.
1316 1729 1368 1782 Sed
1386 1737 1444 1780 tra·

319 1815 424 1868 ducitur
441 1824 479 1868 est
496 1816 522 1867 iu
539 1816 667 1884 plerisque
685 1824 710 1867 ct
726 1816 856 1883 antiquiss.
874 1815 960 1877 Εᾶίιι,
979 1816 1047 1882 quod
1066 1813 1170 1870 Scriver.
1194 1824 1295 1868 secutus
1318 1817 1375 1869 est?
1410 1817 1444 1868 In

319 1919 377 1955 mea
402 1903 450 1958 Ed.
474 1903 589 1956 Scriverii
613 1903 705 1970 legitur
731 1903 878 1964 deducitur,
904 1910 988 1956 eontra
1006 1903 1142 1955 traducitur
1158 1921 1198 1970 ap.
1216 1903 1320 1955 Withof.
1337 1921 1363 1970 p.
1381 1904 1445 1958 547.

318 1989 388 2050 548,
405 1989 551 2041 translatum
569 2006 599 2040 ex
615 1989 678 2043 Hor.
696 1989 726 2039 Ε.
743 1989 764 2051 Ι,
784 1989 824 2051 18,
846 1992 891 2043 17:
912 1987 970 2045 Qua
987 1989 1087 2041 ratione
1099 2006 1177 2054 queas
1194 1989 1331 2041 traducere
1348 1988 1444 2041 leniter

318 2092 413 2127 acomm
432 2092 489 2127 eum
506 2075 534 2126 M
551 2074 606 2128 Ital.
624 2082 745 2127 semotum
767 2075 793 2126 in
810 2093 897 2127 rasura
915 2076 997 2127 Turic.
1016 2093 1078 2128 corr.
1096 2093 1126 2128 ex
1143 2084 1275 2128 remotum.
1294 2076 1360 2129 coni.
1375 2075 1442 2128 Hor.

316 2162 348 2213 A.
365 2163 395 2215 Ρ.
413 2163 477 2218 385:
502 2161 610 2226 vitioque
634 2159 743 2212 redactus
765 2161 797 2212 ab
820 2161 896 2215 omui.
931 2163 1088 2224 Notandum,
1111 2163 1169 2214 huic
1190 2165 1273 2215 versui
1297 2161 1392 2214 decimo
1413 2162 1442 2213 in

316 2247 364 2300 Ed.
381 2248 423 2302 Pr.
443 2249 611 2316 antepositum
629 2265 685 2300 esse
703 2247 872 2309 undecimum,
890 2248 964 2315 vulgo
982 2247 1109 2302 ultimum.

386 2337 425 2391 ll.
462 2334 533 2401 Erqn
550 2333 620 2396 adea,
638 2342 666 2385 ut
683 2334 743 2384 Huc
762 2333 823 2386 adea
841 2335 897 2390 Tib.
915 2335 960 2396 IV,
979 2337 1003 2397 4,
1024 2337 1047 2392 l.
1065 2335 1129 2386 ccui.
1147 2334 1259 2390 Erimon.
1278 2335 1310 2388 de
1327 2335 1441 2387 Permu-

315 2421 348 2474 lis
366 2423 386 2473 Ι.
404 2439 429 2490 p.
448 2423 490 2477 70.
507 2423 548 2477 71.
585 2419 683 2472 Terent.
701 2419 781 2472 Andr.
799 2421 820 2484 I,
840 2423 863 2486 1,
882 2423 906 2475 2.
941 2421 974 2487 11,
992 2423 1019 2484 2,
1038 2423 1078 2476 17.
1114 2420 1349 2484 Hec.111,5,60.
1385 2419 1440 2476 (lic.
1510 2447 1513 2452 ·

315 2507 371 2562 Mil.
389 2511 419 2564 2:
438 2509 524 2561 adeste
542 2507 639 2574 animis,
658 2508 762 2562 iudices.

384 2650 407 2702 l.
443 2646 518 2698 etiam
535 2645 628 2714 apporia
646 2646 675 2698 Ε.
698 2654 733 2698 est
755 2663 832 2713 reque
856 2646 897 2698 Pr.
916 2647 985 2698 Cart.
1004 2647 1062 2702 861.
1080 2646 1143 2698 Ven.
1165 2647 1206 2701 91.
1229 2661 1306 2712 reguo
1329 2643 1440 2706 meritis,

314 2750 364 2788 orn.
390 2739 438 2796 est,
463 2732 521 2788 328.
545 2731 603 2786 Bas.
626 2731 705 2799 Neap.
730 2731 865 2798 adquirere
887 2731 1052 2783 REHSPKX
1076 2733 1126 2787 328
1149 2731 1224 2798 Digb.
1248 2731 1317 2782 (lant.
1342 2732 1393 2787 861
1409 2740 1441 2784 et

313 2819 430 2870 Arntsem
455 2835 511 2871 cum
539 2818 620 2869 Puric.
648 2805 773 2884 utquirere
801 2817 832 2870 Y.
852 2818 966 2884 perquir.
991 2818 1022 2870 V.
1054 2818 1187 2870 Erasmus:
1208 2814 1276 2868 ‘Neu
1299 2817 1380 2869 solum
1409 2818 1439 2870 iu

243 2959 245 2964 ,
313 2905 406 2957 amieos
419 2913 516 2973 oportet
527 2922 584 2957 esse
601 2905 750 2966 beneficum,
768 2922 854 2957 verum
872 2905 953 2972 ignoti
971 2921 1069 2972 quoque
1087 2903 1236 2956 conciliandi
1253 2911 1319 2965 sunt,
1340 2920 1370 2955 ac
1387 2903 1436 2954 de-

313 2991 437 3044 vincieudi
456 2990 644 3053 beneficientia,
668 2989 783 3042 simodo
805 2991 888 3058 possis
914 2991 1042 3058 prodesse.
1077 2990 1171 3042 Vtilius
1189 2989 1256 3042 enim
1279 2995 1328 3052 est,
1346 3005 1436 3056 quam-

313 3077 435 3146 plurimos
461 3077 554 3130 amicos
581 3093 670 3146 parare
692 3076 818 3144 (Meritis)
842 3057 861 3132 i.
889 3095 913 3128 e.
936 3077 1080 3144 benefactis,
1108 3095 1183 3145 quum
1209 3096 1296 3146 parare
1322 3095 1439 3147 regnum.

312 3165 429 3232 Regnum
447 3165 514 3216 enim
532 3164 595 3232 eripi
612 3171 704 3231 potest,
723 3164 796 3216 amici
814 3172 960 3218 succurrunt
977 3165 1072 3218 eiecto:
1095 3173 1120 3216 et
1137 3164 1259 3218 firmiores
1277 3171 1349 3228 sunt,
1371 3182 1437 3232 quos

312 3251 434 3304 beneficio
452 3250 602 3317 adiunxeris,
623 3269 697 3317 quam
716 3268 778 3318 quos
796 3257 918 3318 potestate
936 3248 1052 3318 premss’.
1095 3250 1187 3303 Vtilius
1207 3265 1293 3318 raquo.
1329 3251 1376 3302 Est
1398 3251 1436 3302 iu·

312 3345 350 3390 ter
367 3338 506 3391 locutiones
524 3339 701 3407 proverbiales,
719 3345 748 3389 ut
766 3338 834 3406 apud
851 3338 997 3390 Horatium:
1015 3336 1072 3389 Rex
1095 3337 1160 3401 eris,
1184 3337 1252 3405 apud
1275 3338 1435 3390 Terentium:
1490 3395 1492 3398 ,

311 3432 373 3476 tune
398 3425 440 3477 hic
465 3441 570 3493 reguum
596 3425 730 3492 possides?
757 3433 783 3478 et
801 3424 979 3478 Claudianum:
1007 3424 1062 3476 Hoc
1079 3423 1175 3492 Regni,
1201 3425 1322 3486 Fortuna,
1343 3425 1436 3480 tenes?

312 3511 409 3574 Quibus
431 3511 499 3564 beati
524 3511 702 3578 significantur,
726 3511 769 3578 qui
792 3511 890 3579 Regum
912 3511 997 3563 vivunt
1019 3511 1101 3562 ritum.
1126 3509 1191 3564 conf.
1210 3511 1296 3562 Barth.
1312 3511 1376 3562 Adv.
1400 3511 1434 3576 Π,

312 3598 352 3652 19.
371 3597 442 3663 XXI,
460 3599 502 3653 21.
537 3597 658 3650 Vitiorum
677 3598 811 3650 lectionem
831 3597 901 3655 Quid
918 3598 951 3650 ait
968 3598 1039 3650 Leid.
1050 3598 1074 3649 Il
1091 3614 1136 3665 pro
1155 3595 1250 3648 amicos
1269 3613 1298 3648 ex
1317 3596 1453 3664 sequenti

310 3684 418 3738 disticho
435 3683 539 3736 induxit.

379 3773 404 3828 2.
440 3770 547 3824 archana
570 3771 641 3824 codd.
666 3773 815 3825 recentiores
838 3779 866 3824 ut
889 3771 909 3822 Β
932 3772 1003 3824 Ireid.
1021 3772 1065 3824 ΙΙΙ.
1085 3770 1168 3822 Turio.
1193 3777 1267 3836 atque
1291 3768 1357 3822 mid.
1375 3769 1432 3820 Ital.

311 3857 383 3912 Cart.
401 3859 442 3914 83.
460 3857 524 3910 Ven.
541 3859 582 3914 91.
601 3857 653 3910 Dei
669 3859 685 3910 i.
703 3859 784 3921 Iovis,
808 3859 858 3911 Dei
884 3859 994 3926 supremi
999 3869 1013 3922 ,'
1032 3866 1060 3909 ut
1082 3857 1153 3910 ovid.
1174 3857 1215 3908 ur.
1234 3856 1267 3919 11,
1284 3856 1310 3919 5,
1329 3859 1371 3918 40,
1390 3859 1433 3911 72.

309 3943 416 3997 Phaedr.
433 3944 453 3996 I.
472 3945 497 4006 2,
515 3945 556 3999 28.
593 3943 661 3997 Serv.
679 3945 712 3997 ad
729 3945 805 4013 Verg.
823 3943 854 3996 A.
873 3945 893 4007 I,
912 3945 970 4001 665.
994 3960 1093 3995 arcanc
1114 3941 1166 3995 Dct'
1186 3943 1203 3995 i.
1221 3943 1285 4004 iata,
1311 3949 1339 3994 ut
1355 3941 1432 4010 Verg.

309 4029 342 4084 A.
358 4029 404 4094 IV,
423 4033 486 4087 614:
506 4031 557 4082 fata
573 4031 647 4082 Iovis.
665 4031 740 4099 Verg.
758 4033 789 4082 A.
808 4032 828 4094 Ι,
847 4033 914 4086 262ε
931 4034 1050 4098 satorum
1073 4046 1180 4084 arcanc.
1213 4029 1312 4098 Dogma
1334 4028 1431 4082 Stoico-

309 4135 366 4170 rum
384 4117 433 4170 vid.
452 4116 522 4171 Serv.
540 4116 573 4168 ad
590 4116 666 4184 Verg.
685 4117 717 4168 A.
734 4116 755 4180 l,
774 4117 833 4173 267.
867 4117 985 4168 Arntaen.
1011 4116 1092 4168 celum
1113 4117 1204 4184 inquir.
1221 4117 1264 4170 Pr.
1283 4117 1352 4168 Cart.
1371 4115 1430 4170 861.

298 4204 458 4275 ΙοιιιΙιιιιιιιιιι
475 4204 531 4254 ΕΤ.
550 4203 647 4256 eaelum
665 4203 748 4254 'l'uriu
773 4204 816 4269 qui
840 4210 898 4270 post
919 4203 985 4254 hune
1008 4221 1107 4255 versum
1126 4193 1253 4256 subiunriit
1270 4209 1429 4269 sequentem:

410 4287 454 4341 Au
472 4290 507 4342 dii
525 4288 573 4358 (di)
591 4289 641 4342 sint
659 4289 755 4341 caelum
775 4289 819 4355 qui
836 4289 906 4354 (que)
926 4296 1024 4356 regent,
1044 4307 1076 4340 ue
1093 4306 1184 4355 quaere
1202 4289 1292 4344 doceri.

376 4377 401 4452 3:
436 4377 498 4428 loeti
516 4377 539 4426 Y
556 4375 618 4428 ledi
636 4376 662 4428 S.
680 4375 739 4427 loeti
755 4373 810 4427 ΕΕ.
829 4373 888 4427 lodi
908 4373 1028 4430 murell.
1047 4375 1091 4427 leti
1107 4383 1132 4428 et
1146 4374 1214 4428 lethi.
1233 4384 1345 4446 tempore
1362 4375 1430 4428 omui

308 4463 350 4520 Pr.
368 4463 448 4537 Nssp.
466 4465 526 4520 Bas.
552 4471 663 4532 tempore
688 4463 720 4516 in'
739 4479 814 4516 cuum
832 4462 901 4518 Cart.
920 4464 979 4520 861.
1011 4459 1073 4515 Oum
1095 4470 1199 4518 mortem
1222 4465 1252 4516 Ε.
1276 4461 1331 4516 rell.
1350 4461 1427 4515 Dum.
