3170 5090
260 423 296 478 34
643 417 736 472 cluo
753 417 1002 474 anosouflvs.

244 525 247 532 Ι
283 579 332 641 31.
368 574 495 640 Somnia
516 593 556 639 ne
579 591 688 656 cures3
710 593 784 642 nam
806 592 894 640 meus
916 575 1055 642 humens
1076 577 1162 658 quod
1184 559 1294 659 optet„¹

368 678 451 744 Dum
473 677 604 760 vigilans
627 683 744 761 sperat,
767 695 824 760 per
846 695 989 744 somnum
1012 679 1113 746 cernit
1132 679 1166 746 id
1187 679 1299 762 ipsum.

260 843 374 900 tempore
390 832 505 894 adverse,
524 832 678 894 calamitosa,
697 849 763 900 quae
781 831 893 884 dolorem
911 833 995 886 animo
1014 833 1152 886 conciliant
1164 842 1190 886 et
1201 833 1277 886 saluti
1289 835 1391 897 obeunt,

261 928 287 972 st
312 927 393 981 aetra,
420 936 486 985 quae
509 919 666 984 temporibus
693 919 821 984 imperent.
858 918 923 970 Sunt
948 919 1034 985 potius
1060 919 1250 973 vicissitudines
1276 921 1293 971 i.
1321 921 1390 972 enni.
1415 979 1423 984 ,

262 1005 317 1077 Qua
335 1005 443 1074 primum
461 1007 504 1060 Pr.
524 1022 581 1057 cum
598 1005 631 1056 sit
648 1005 694 1058 tibi
705 1005 944 1058 RYHE'PVDKMS
957 1006 1032 1073 (corr.
1045 1005 1066 1056 11
1077 1007 1104 1058 in
1116 1007 1213 1073 1111111)
1230 1007 1318 1063 11611111,
1328 1008 1391 1059 1.11.

261 1091 326 1144 Call.
344 1093 419 1146 Voss.
438 1093 520 1146 Turia.
538 1093 603 1148 Ven.
622 1095 664 1148 91.
691 1092 735 1144 Sia
752 1094 799 1146 tibi
816 1093 898 1146 Oextt.
916 1095 975 1150 861.
995 1094 1037 1149 83.
1057 1093 1116 1148 rell.
1135 1110 1192 1146 aum
1209 1093 1245 1144 sie
1261 1093 1314 1146 tibi.
1332 1111 1391 1146 eum

260 1185 289 1228 a
306 1179 370 1230 uus
388 1181 453 1232 eone.
471 1180 492 1242 1,
513 1179 555 1239 31.
573 1197 632 1232 eum
649 1179 701 1230 aaa
718 1179 765 1231 uu
783 1180 825 1232 Pr.
844 1179 924 1232 caxae
943 1169 1003 1236 eei.
1021 1180 1063 1234 se.

330 1266 372 1320 31.
399 1283 446 1317 nea
464 1264 578 1317 cures-Y
593 1265 656 1316 Rex.
674 1265 745 1320 Leid.
763 1267 795 1320 11.
821 1265 884 1318 (loll.
908 1265 983 1317 Voss.
1006 1265 1064 1318 Vet.
1081 1265 1144 1334 Reg·
1167 1273 1193 1318 et
1216 1266 1299 1320 'furia
1321 1283 1392 1319 mens

261 1351 331 1415 qaod
351 1358 424 1416 optat
442 1351 557 1402 hamana
575 1351 645 1403 Leicl.
664 1351 684 1402 1.
707 1358 798 1418 optans
822 1352 938 1404 Arntaeu.
962 1360 1034 1419 optat
1058 1369 1147 1405 omnes
1165 1353 1264 1406 codices
1282 1362 1307 1406 et
1323 1371 1391 1406 omn.

260 1437 314 1489 fere
332 1437 470 1490 Editiones.
507 1439 576 1488 Dum
600 1437 687 1505 vigilat
713 1454 819 1504 speruus
844 1437 940 1490 Erssm.
967 1439 1062 1507 (tryph.
1097 1439 1172 1495 (laud,
1195 1439 1392 1497 0111811111.

261 1523 329 1574 Dum
348 1523 438 1592 vigilat
454 1531 541 1590 sperat
558 1523 820 1576 RHSYmuDBKVM
834 1525 933 1592 (eaput)
947 1525 989 1579 Pr.
1005 1526 1061 1580 Ital.
1076 1527 1147 1578 Ceut
1157 1527 1215 1582 861.
1224 1527 1265 1582 83.
1274 1527 1338 1580 Ven.
1348 1531 1379 1583 91

257 1607 359 1664 ‘Laida
377 1617 437 1671 tres,
465 1611 521 1660 Vet.
550 1609 633 1662 Ohart.
656 1611 714 1664 Vet.
740 1612 804 1678 Reg.
829 1611 935 1663 Membr.
963 1613 1037 1664 Voss.
1064 1610 1154 1666 Turie'.
1188 1613 1256 1665 Dum
1273 1610 1390 1682 vigilaas'

262 1703 354 1762 sperat
373 1693 441 1748 coll.
459 1695 534 1747 Voss.
553 1697 609 1749 Ital.
627 1697 717 1749 Deum.
752 1698 820 1750 Dum
838 1698 945 1766 vigilet,
965 1705 1079 1766 spectat,
1096 1716 1142 1766 per
1159 1717 1275 1754 somnum
1292 1718 1392 1770 sanper

261 1781 288 1832 id
306 1781 398 1848 ipsum.
435 1781 561 1834 Boxhorn.
597 1783 689 1843 (luntre
706 1783 810 1837 withot
828 1800 853 1850 p.
871 1785 925 1840 550
943 1802 1000 1836 cam
1017 1786 1134 1853 inprobat
1159 1787 1308 1839 emendans:
1335 1783 1392 1838 Aut

261 1869 373 1936 vigilans
397 1877 494 1938 eperat.
529 1871 598 1924 Dum
619 1871 723 1939 vigilat,
748 1880 836 1938 sperat
859 1872 984 1926 Arutzen.
1018 1873 1116 1941 Vigilat
1138 1881 1219 1925 ortum
1241 1873 1337 1926 videtur
1360 1892 1392 1926 ex

262 1962 334 2021 optat
352 1963 377 2007 et
394 1964 488 2022 sperat,
507 1957 603 2024 ingrata
625 1957 788 2025 κακοφωνία.
823 1959 862 2011 De
881 1961 959 2012 rebus
980 1957 1037 2012 vide
1054 1959 1191 2010 Daumium
1206 1966 1232 2011 et
1248 1959 1390 2022 Waehium,

263 2041 295 2092 tle
312 2036 395 2093 verbis
413 2041 586 2095 Arntzenium.
614 2043 742 2095 somnium
764 2044 807 2096 Pr.
825 2045 853 2096 id
872 2047 971 2110 ipsum,
995 2054 1025 2096 ut
1040 2046 1062 2108 Ι,
1080 2045 1121 2100 22.
1157 2044 1248 2097 Perdit
1265 2045 1291 2097 id
1307 2047 1392 2113 ipsum

266 2126 330 2180 Vax.
349 2127 445 2182 Veterr.
464 2129 527 2198 Reg.
545 2129 615 2181 Leid.
634 2130 666 2182 Π.
685 2137 711 2182 et
727 2129 775 2182 md.
794 2128 871 2184 Boill.
