3148 5102
262 475 296 515 vr
722 440 926 494 cananeum.

439 600 567 684 Castiga
589 603 739 674 ventrem,
762 591 837 664 tun'c
858 598 951 662 horno
974 597 1086 664 doctus
1109 597 1180 664 eris.
1270 641 1272 645 -

349 705 399 772 Ad
428 704 543 772 calcem
571 707 644 785 post
670 691 727 767 lios
758 719 867 766 versus
897 701 1050 784 scriptum
1079 706 1135 768 est*
1155 701 1231 768 illud
1260 704 1389 770 lemma:

264 807 463 877 axemcm
484 806 613 872 arnan
635 803 814 870 canorus
837 803 1007 870 uranus
1030 804 1108 873 occ
1130 787 1303 872 vaasvs.

270 981 271 984 ,
351 912 438 992 Quae
459 910 491 975 in
514 909 615 975 altera
635 907 729 972 huius
752 904 817 972 folii
839 907 942 972 ultimi
955 908 1124 990 partitione
1139 907 1282 976 additae
1306 913 1333 975 1.
1349 928 1390 976 ιιι.

266 1021 349 1098 sunt,
372 1015 413 1080 ad
435 1012 613 1079 Martialem
635 1010 792 1094 pertinere
814 1008 971 1077 videntur.

352 1120 389 1185 In
410 1117 459 1184 his
483 1115 605 1182 duobus
620 1112 748 1179 Catonis
764 1113 920 1180 codicibus
936 1127 1038 1199 neque
1053 1115 1268 1181 commentarii
1291 1134 1393 1200 neque

268 1225 391 1310 glossae
413 1220 623 1286 inveniuntur.
662 1216 857 1300 Scripturae:
881 1213 983 1283 cNim.
1007 1215 1121 1282 aNimi.
1144 1217 1312 1286 iNuidiam.
1336 1206 1394 1284 hu·

268 1333 335 1395 tere
356 1345 413 1408 pro
435 1328 534 1390 utere.
550 1320 723 1403 intellegas.
739 1319 913 1386 habundus.
930 1325 1006 1386 teta.
1024 1320 1167 1388 danatus.
1184 1321 1274 1387 dana.
1290 1339 1391 1387 carus.

269 1447 464 1514 conpescere.
481 1427 566 1491 litus.
583 1445 740 1509 nmquam.
774 1425 887 1492 Tribus
909 1425 958 1490 his
978 1424 1028 1492 vel
1050 1429 1200 1509 quattuor
1220 1426 1392 1492 vetustissi-

269 1533 329 1597 mis
352 1529 510 1597 codicibus
540 1532 605 1594 tres
638 1525 816 1592 Colderrr'oi
834 1526 1003 1604 accedunt,
1031 1527 1085 1610 qui
1107 1528 1148 1594 ad
1170 1547 1251 1596 saec.
1273 1529 1304 1594 X
1326 1548 1394 1612 spe

272 1639 367 1704 etant.
344 1634 482 1700 tDuo
504 1631 624 1714 priores
647 1649 754 1696 eorum
776 1649 927 1714 perquam
956 1631 1174 1699 memorabiles
1197 1631 1395 1700 existimandi

273 1740 417 1820 suntut
402 1734 519 1802 tinfra
540 1733 723 1800 videbimus

143 1887 170 1918 e·
186 1885 206 1916 ι.
241 1904 246 1917 ,
361 1845 388 1904 5.
423 1837 585 1905 Parisinus
608 1841 691 1903 8319
713 1836 803 1912 in8,
826 1839 888 1902 vet.
911 1855 995 1904 num.
1020 1841 1116 1920 5083,
1141 1837 1214 1906 inde
1236 1857 1256 1905 a
1276 1837 1330 1906 fol.
1355 1842 1395 1904 50

167 1945 170 1954 '
271 1963 372 2028 usque
393 1941 435 2014 ad
456 1940 509 2008 f.ol
535 1946 584 2007 54.
608 1959 638 2006 a
651 1939 710 2006 Cat
697 1945 801 2008 tonem
824 1940 984 2008 continens
1000 1961 1070 2009 cum
1084 1941 1250 2026 perpaucis
1272 1941 1394 2026 glossis.

271 2048 441 2130 Prologum
463 2045 539 2112 omit
540 2049 612 2110 tens
633 2044 745 2126 incipit
767 2062 836 2111 cum
859 2042 939 2110 libro
957 2044 1068 2126 primo,
1090 2046 1141 2112 cui
1156 2051 1279 2130 prostat
1299 2047 1397 2114 rubra

271 2151 449 2236 inscriptio:
478 2149 636 2215 INCIPIT
659 2147 789 2214 LIBER
810 2146 991 2214 CATONIS
1013 2149 1182 2216 PRIMVS.
1227 2150 1270 2215 Et
1292 2149 1397 2232 singu-

273 2257 373 2324 lorum
401 2254 552 2321 librorum
581 2251 798 2334 inscriptiones
827 2251 942 2318 rubrae
970 2257 1060 2318 sunt:
1089 2252 1247 2320 INCIPIT
1269 2253 1398 2319 LIBER

274 2353 902 2434 SECVNDVS-TERTIVS-QVARTVS.
946 2354 996 2420 Ad
1023 2355 1138 2423 calcem
1163 2357 1265 2440 prIma
1286 2375 1398 2423 manus

274 2461 475 2544 subscripsit:
497 2457 695 2525 EXPLICIT
718 2457 827 2525 CATO
839 2459 982 2534 HABET
996 2458 1158 2528 VERSVS
1174 2459 1309 2528 CCCVI.
1344 2459 1398 2527 Se-

275 2571 417 2651 quuntur
438 2565 484 2630 illi
507 2568 548 2630 38
567 2565 680 2630 ‘versus
702 2563 869 2630 maximam
897 2567 1020 2646 partem
1044 2563 1162 2630 heroici
1184 2568 1294 2632 contra
1314 2565 1397 2632 uino·

273 2669 404 2736 lentiam
427 2671 459 2732 et
480 2666 762 2749 intemperantiam,
784 2684 917 2750 quorum
937 2666 1030 2749 primi
1052 2671 1126 2732 sunt
1146 2666 1194 2732 hi:

430 2769 490 2850 Qui
514 2769 602 2852 cupis
625 2787 694 2836 esse
715 2769 816 2836 bonus
839 2773 872 2836 et
892 2769 939 2835 vis
962 2770 1124 2837 dinoscere
1146 2788 1254 2837 uerum

429 2873 475 2940 Ut
495 2872 606 2940 mortis
629 2873 743 2938 sotium
766 2872 810 2938 sic
831 2872 965 2938 mordas
988 2871 1089 2956 effuge
1110 2871 1227 2940 vinum.

361 2979 477 3045 Decem
499 2974 603 3042 ultimi
624 2981 698 3042 sunt
720 2995 829 3043 versus
852 2976 969 3062 elegici,
994 2978 1049 3059 qui
1069 2977 1114 3044 sic
1136 2981 1266 3046 exeunt:

380 3082 440 3161 Qui
464 3081 550 3164 cupit
573 3097 647 3163 ergo
670 3098 758 3146 suam
781 3079 931 3148 doctrinis
954 3098 1094 3148 crescere
1115 3087 1260 3150 mentem.

381 3184 523 3266 Castiget
544 3187 693 3250 ventrem.
717 3189 795 3249 tunc
816 3184 909 3249 homo
932 3183 1042 3252 doctus
1064 3185 1132 3252 erit.

363 3289 420 3356 His
443 3287 585 3354 versibus
601 3286 756 3353 adnexum
771 3291 820 3356 est
842 3286 1126 3369 „EPITAPHIVM
1146 3287 1315 3355 VITALIS
1338 3289 1399 3354 MI-

278 3393 358 3474 Mil,
380 3391 464 3476 quod
486 3410 567 3456 unus
589 3395 712 3457 tantum
728 3384 825 3459 codex
840 3392 1032 3474 subsequens
1054 3395 1181 3476 praeter
1195 3392 1279 3459 hunc
1300 3392 1400 3472 offert,

241 3561 245 3567 ,
279 3494 340 3562 alia
361 3498 466 3560 tamen
489 3511 559 3559 cum
580 3492 790 3576 inscriptione.
826 3493 917 3559 Nunc
935 3513 1045 3586 manus
1067 3496 1168 3577 prima
1183 3497 1318 3564 correxit
1340 3495 1400 3560 sin-

278 3597 355 3681 gula
388 3597 493 3679 verba,
527 3615 609 3662 nunc
642 3615 752 3662 manus
785 3596 922 3663 secunda
956 3597 1095 3680 eiusdem
1129 3599 1246 3665 saeculi
1280 3595 1399 3664 decimi.

281 3701 477 3785 Scripturae:
493 3700 635 3766 coniunx.
652 3719 845 3784 conpescere.
862 3700 1012 3767 imminet.
1031 3701 1154 3769 damna.
1171 3705 1398 3782 contempnere.

281 3808 524 3888 contensllsptus
540 3823 610 3871 cum
626 3809 870 3871 reseraremus.
895 3804 1023 3888 proelia.
1042 3803 1140 3887 licius,
1164 3804 1272 3886 ceptis
1295 3819 1399 3886 praes-

281 3916 359 3976 tare.
382 3908 543 3994 quaesitis.
567 3907 742 3990 adquirere.
771 3908 941 3991 pacienter.
965 3905 1114 3975 abundat.
1143 3906 1282 3974 coherce.
1306 3904 1402 3972 caede

281 4017 313 4081 et
336 4013 410 4079 cede
432 4012 464 4078 in
487 4013 596 4079 eodem
619 4031 722 4079 versu.
745 4014 900 4096 precipue.
922 4015 1079 4094 precepta.
1103 4029 1203 4079 carus.
1218 4011 1400 4093 loquuntur.
1508 4087 1511 4092 ‚

282 4117 441 4185 coNscins.
464 4114 549 4182 litus.
573 4135 729 4200 umquam.
753 4119 949 4199 quicumque.

123 4256 253 4300 ΜΗ,
369 4225 397 4285 6.
430 4221 590 4288 Parisinus
619 4225 711 4286 2772.
739 4227 800 4286 vet.
831 4239 913 4285 num.
946 4222 1029 4284 3898
1057 4218 1089 4284 in
1112 4223 1132 4284 4
1154 4217 1228 4284 min.
1272 4220 1403 4285 Praeter
1468 4287 1469 4292 ἵ

281 4323 428 4405 Prosperi
456 4323 649 4406 aliorumque
677 4327 822 4407 poemata
850 4322 946 4389 habet
974 4327 1045 4390 octo
1073 4321 1147 4390 lolia
1176 4323 1305 4391 Catonis
1332 4339 1403 4390 cnm

282 4428 395 4516 glossis
425 4427 572 4517 aprima
601 4447 696 4494 manu
730 4427 855 4514 scriptis
883 4428 925 4494 ad
949 4426 1128 4517 prologum,
1161 4428 1203 4497 ad
1231 4427 1402 4496 sententias
