3148 5102
634 450 837 501 Pllnltl'ddlo.
1193 471 1303 515 xxxvii
1326 481 1327 488 ¹

172 627 316 675 sermone
338 625 509 691 puerorum
529 611 640 672 tenues
664 605 783 669 animos
807 623 909 687 neque
932 605 1091 672 meliorem
1108 595 1227 671 'librum
1249 623 1302 672 ne·

171 731 234 795 qne
249 713 359 794 purius
374 712 554 793 loquentem
569 709 628 774 hac
649 708 736 790 poesi
756 708 903 789 viderem,
928 710 1015 792 coepi
1031 709 1141 776 eadem
1155 707 1310 782 libertate,

170 816 395 882 hodiernorum
416 814 576 888 hominum
600 809 719 876 iudicia
741 816 948 889 contemnere,
972 801 1039 896 qua*
1056 813 1101 878 illi
1115 814 1214 879 bonos
1228 812 1302 878 scri-

169 926 278 1002 ptores
301 917 462 998 aspernari
484 915 604 982 solent'.
1107 976 1113 989 ,

258 1022 345 1100 Quae
367 1039 438 1086 curn
460 1019 506 1084 ita
528 1019 601 1098 sint,
625 1022 690 1082 tam
713 1018 846 1102 neglecti
864 1017 992 1085 Catonis
1019 1024 1204 1100 apparatum
1220 1021 1303 1088 crit'·

171 1143 243 1191 cum
266 1123 418 1205 colligere,
442 1125 565 1189 veteres
595 1121 693 1218 libros
717 1125 749 1186 et
770 1123 999 1202 manuscriptos
1023 1127 1054 1188 et
1076 1123 1160 1206 typis
1182 1125 1302 1205 inpres-

171 1245 223 1292 sos
246 1224 400 1306 conferre,
431 1224 625 1302 describere,
649 1223 823 1290 diiudicare
858 1231 953 1308 atque
982 1226 1013 1291 in
1049 1244 1140 1290 nsum
1163 1226 1303 1294 conferre

170 1329 301 1409 institui,
325 1312 435 1410 dtpoce
460 1345 555 1407 quam
576 1345 643 1390 rem
668 1346 750 1392 nunc
774 1327 874 1394 doctis
897 1333 993 1410 atque
1016 1331 1124 1410 aequis
1145 1329 1301 1396 iudicibus

171 1432 408 1499 conmendatam
435 1431 538 1496 velim.
1028 1457 1036 1486 l

180 1617 181 1620 Ἴ
256 1535 353 1616 Atqui
380 1533 504 1600 libellus
528 1533 657 1600 Catonis
686 1535 786 1601 nostri
818 1554 837 1600 a
867 1536 1003 1601 librariis
1034 1537 1107 1603 inde
1132 1556 1152 1602 a
1175 1537 1300 1604 saeculo

169 1659 261 1719 nono,
284 1643 436 1721 quantum
458 1638 561 1704 adhuc
582 1639 727 1718 innotuit,
749 1657 904 1722 persaepe
924 1639 1156 1721 multiplicatus
1177 1657 1301 1723 usuque

169 1740 334 1822 multiplici
357 1740 496 1805 variatus
520 1745 577 1806 est.
623 1741 690 1805 Has
714 1741 886 1806 varietates
920 1751 976 1806 aut
997 1743 1158 1824 graviores
1180 1747 1237 1808 aut
1257 1743 1299 1808 le-

169 1845 288 1922 viores,
318 1863 399 1926 qnae
429 1842 624 1925 frequentius
653 1842 845 1926 negligentia
873 1847 906 1909 et
934 1845 1076 1910 socordia
1109 1850 1197 1911 ortae
1225 1850 1299 1910 sunt

168 1965 263 2028 qnam
286 1945 462 2012 eruditione
484 1949 541 2010 aut
552 1945 659 2010 critico
674 1963 778 2024 sensu,
801 1946 946 2028 equidem
963 1947 1138 2028 religiosius
1155 1949 1238 2013 hunc
1263 1949 1296 2012 in

169 2049 261 2114 finem
289 2049 410 2129 notavi,
440 2053 493 2128 ut,
527 2047 602 2130 quid
634 2067 743 2113 verum
772 2047 925 2115 falsumve
953 2055 1054 2130 esset,
1086 2069 1124 2116 ex
1146 2051 1299 2117 varietate

168 2155 337 2220 lectionum
369 2171 446 2219 sano
480 2171 587 2218 earum
619 2171 678 2217 usu
708 2153 887 2218 accuratius
916 2158 1166 2234 cognosceretur.
1210 2155 1298 2232 Quae

168 2257 317 2322 lectiones
339 2262 447 2322 tamen
470 2275 564 2338 saepe
588 2259 662 2320 sunt
685 2255 833 2338 duplices,
864 2261 1023 2322 correctae
1051 2256 1178 2338 quidem
1201 2262 1257 2322 aut
1278 2275 1297 2322 a

169 2361 270 2441 prima
293 2363 350 2424 aut
373 2377 392 2423 a
414 2357 551 2424 secunda
581 2359 718 2442 itemque
747 2363 872 2424 vetusta
900 2379 1010 2436 manu,
1040 2377 1122 2440 quae
1149 2360 1242 2442 uulgo
1265 2365 1298 2439 at

169 2463 290 2545 glossas
313 2460 443 2527 addidit.
482 2460 618 2527 Vetusta
635 2460 819 2542 glossatoris
835 2481 946 2528 manus
962 2463 1055 2528 etiam
1072 2463 1176 2528 varias
1190 2463 1297 2528 lectio·

168 2585 224 2631 nes
257 2566 289 2629 in
322 2565 480 2630 nonnullis
519 2564 677 2630 codicibus
713 2565 795 2648 (RS)
829 2567 1045 2647 supraposuit,
1079 2565 1111 2630 in
1144 2564 1213 2630 aliis
1243 2566 1295 2648 (Τ)

168 2668 317 2734 lectiones
340 2669 489 2750 expunxit
509 2671 566 2732 aut
582 2669 687 2742 erasit,
711 2668 744 2732 in
762 2667 831 2732 aliis
847 2668 981 2750 deniqne
1005 2667 1126 2750 (ΕΒΗ)
1149 2667 1198 2734 vel
1213 2686 1297 2733 men·

168 2771 227 2836 dae
250 2777 418 2838 occurrunt
447 2789 643 2850 communes,
673 2791 699 2836 e.
724 2790 749 2836 c.
777 2771 819 2850 ll,
846 2777 886 2836 27
911 2778 969 2838 etc.
1015 2772 1052 2836 In
1082 2791 1144 2837 uno
1174 2775 1297 2836 tantum

168 2875 275 2941 codice
299 2877 351 2959 (E)
376 2875 469 2941 etiarn
492 2893 603 2939 manns
626 2875 725 2940 multo
747 2875 902 2940 recentior
924 2875 1041 2940 saeculi
1063 2875 1121 2940 XV
1143 2878 1200 2939 aut
1220 2875 1308 2940 XVI*

167 2979 367 3059 conspicitur,
390 2997 471 3058 quae
495 2977 596 3042 textui
620 2997 649 3059 q.
673 2997 700 3040 v.
725 2983 849 3044 vetusto
873 2977 913 3042 ad
938 2977 1112 3059 marginem
1128 2981 1220 3044 notas
1234 2976 1296 3042 'ad-

168 3082 292 3164 spersit
339 3080 492 3146 Videmus
516 3099 600 3161 ergo,
624 3079 758 3144 alterum
780 3080 894 3145 librum
924 3099 962 3146 ex
984 3081 1083 3146 altero
1109 3084 1141 3145 et
1163 3081 1309 3160 antiqui:

167 3191 219 3251 tus
248 3191 280 3250 et
309 3185 409 3250 serius
437 3184 533 3249 fuisse
554 3189 747 3250 correctum
790 3185 895 3249 Minus
924 3188 1052 3266 experto
1080 3184 1153 3249 inde
1183 3202 1297 3266 magna

167 3288 299 3354 subinde
321 3287 488 3352 lectionum
511 3287 673 3351 incertudo
698 3285 912 3365 subnascitur,
936 3285 1019 3350 unde
1041 3286 1130 3368 larga
1146 3291 1179 3352 et
1193 3305 1297 3352 ernen-

168 3391 328 3456 dationum
350 3396 382 3456 et
404 3389 612 3454 mutationum
645 3389 733 3469 copia
755 3387 895 3470 profecta
918 3394 975 3454 est.
1019 3389 1220 3459 Exstiterunt
1242 3406 1296 3454 au-

167 3498 231 3558 tam
253 3494 398 3574 deinceps
428 3492 495 3558 Viri
520 3491 620 3566 docti,
654 3491 707 3573 qui
736 3491 866 3558 liberius
894 3496 1015 3558 textum
1044 3509 1073 3574 q.
1098 3513 1128 3557 u.
1158 3492 1295 3559 auctoris

167 3597 372 3662 emendarunt
394 3599 427 3660 et
448 3598 630 3673 mutarunt,
652 3594 736 3659 inter
760 3613 838 3672 quos
863 3593 1016 3676 Scaliger,
1041 3593 1294 3678 Cannegieterus

167 3699 350 3772 Withofius,
383 3698 556 3764 Scriverius
594 3703 690 3779 atque
722 3697 913 3762 Arntzenius
942 3697 1084 3779 inprimis
1112 3699 1294 3765 nominandi

166 3809 248 3868 sunt.
293 3802 423 3866 Plurimi
444 3801 632 3866 vetustiores
656 3800 778 3868 codices
804 3799 1015 3882 (RSHYET),
1046 3802 1116 3884 qui,
1139 3805 1294 3882 utsupra

166 3907 228 3970 iam
250 3905 321 3984 diri,
344 3905 384 3970 ad
408 3905 538 3970 eandem
560 3902 708 3968 familiam
734 3904 894 3986 pertinent
925 3907 1020 3984 atque
1051 3923 1088 3968 ex
1116 3921 1177 3968 uno
1208 3902 1294 3971 fonte

166 4009 318 4091 prodiisse
341 4007 495 4083 videntur,
519 4009 551 4072 in
573 4007 720 4072 omnibns
744 4005 809 4072 lere
832 4007 908 4072 locis
932 4025 1038 4072 seeum
1060 4005 1189 4086 faciunt,
1211 4008 1294 4074 inter

166 4112 354 4176 recentiores
378 4111 471 4190 BDV,
494 4115 531 4175 ut
553 4111 629 4175 alios
651 4109 748 4176 libros
771 4110 900 4176 mittere
923 4110 1024 4175 liceat.
1072 4109 1120 4173 Ex
1141 4111 1293 4178 recentio-

166 4215 253 4280 ribus
276 4232 391 4296 paucos
416 4217 538 4278 tantum
561 4214 702 4295 adhibui,
726 4214 801 4295 quia
822 4231 885 4279 non
907 4215 1090 4279 numerandi
1106 4214 1162 4280 sed
1177 4215 1293 4297 ponde-

165 4318 255 4382 randi
277 4321 351 4382 sunt
373 4317 524 4382 eiusmodi
551 4317 685 4384 codices.

250 4420 425 4485 Dolendum
447 4425 611 4502 praeterea
636 4425 696 4496 est,
719 4421 803 4486 inter
825 4420 975 4502 primaria
998 4420 1224 4486 emendationis
1244 4421 1292 4486 in-
