3170 5090
239 463 273 517 46
631 462 723 515 cluo
741 461 989 517 Pmuosorflvs.

208 683 214 692 ,
247 645 253 682 ι
284 618 312 680 1.
345 617 479 700 Dcspice
501 616 636 700 divitiae,
659 617 754 684 siris
777 617 880 684 animo
904 635 972 684 csse
994 617 1122 694 beatus3

319 739 321 749 ’
345 721 431 800 Ques
453 723 507 805 qui
530 721 714 804 suspiciunt,
738 721 917 788 mendicant
938 722 1068 803 semper'
1083 721 1178 788 avari.

281 829 310 889 2.
345 823 506 892 Commoda
528 829 662 892 naturae
684 823 770 891 nullo
793 825 851 892 tibi
874 829 1015 906 tempore
1037 817 1182 907 deerunt,

345 927 380 994 Si
401 931 567 995 contentus
590 948 627 996 eo
649 927 755 1009 tueris,
779 927 863 1012 quod
885 929 1026 1011 postulat
1046 946 1132 996 usus.

282 1037 309 1098 3.
345 1029 425 1097 Cum
447 1033 491 1097 sis
513 1032 668 1114 incautus,
689 1050 747 1098 nec
769 1051 837 1098 rem
858 1032 985 1100 ratione
1007 1033 1172 1116 gubernes

343 1135 415 1202 Noli
441 1135 624 1218 Fortunam,
648 1151 730 1216 quae
751 1154 813 1202 uon
836 1139 894 1217 cst,
917 1135 1021 1203 dicere
1044 1154 1178 1202 caecam.

390 1291 502 1343 Verbum
519 1307 630 1358 namque
648 1307 705 1342 caro
722 1291 815 1342 fuctum
834 1307 905 1342 sacra
921 1293 998 1344 rerba
1015 1290 1156 1360 magistrat,

389 1375 423 1428 Et
440 1393 486 1444 per
504 1375 644 1428 sacrificem
662 1393 762 1428 caruem
780 1376 812 1428 de
829 1393 895 1444 paue
912 1375 1046 1430 ministret

304 1463 397 1530 Ioseph
414 1463 541 1515 Duronius
566 1463 605 1516 De
623 1463 691 1516 bello
710 1463 819 1516 Troiano
836 1463 887 1525 IV,
911 1463 975 1518 332:
1004 1490 1036 1501 -
1054 1463 1105 1526 sie,
1132 1479 1197 1528 quae
1219 1464 1364 1529 subeunda,

236 1549 381 1616 mopiatrot:
405 1548 477 1612 Quae
498 1549 605 1600 vitanda
629 1549 707 1600 docet.
741 1549 906 1602 Hildebertus
931 1549 1032 1602 cenom.
1070 1551 1176 1602 Carmen
1199 1551 1231 1602 de
1249 1551 1363 1604 Simonis

236 1654 263 1688 v.
280 1638 310 1694 5:
338 1635 400 1702 Ira,
427 1635 522 1699 libido,
549 1653 625 1689 caeca
648 1636 740 1703 cupido
765 1645 857 1688 cuncto
877 1637 1028 1704 mupistrarrt
1046 1644 1094 1692 etc.
1130 1637 1181 1689 Sed
1200 1646 1304 1706 ubsque
1322 1638 1365 1690 ria

236 1724 300 1774 haue
317 1724 449 1775 lectionem
467 1725 581 1776 servandi
600 1725 725 1792 displicet.
758 1724 887 1777 Planudes
905 1726 981 1778 rerba
998 1728 1035 1776 ita
1051 1725 1140 1776 vertit:
1159 1728 1199 1794 τῷ
1216 1723 1362 1794 προσέχειν

237 1826 270 1860 σε
289 1805 389 1877 ἄνωγα.
426 1811 550 1878 Scaliger:
570 1811 624 1860 τῶν
644 1809 679 1860 σύ
697 1809 858 1869 διδάσκαλος
876 1807 944 1881 ἔσσῃ
956 1810 1054 1879 ἑαυτῷ.
1092 1807 1146 1866 Quo
1165 1818 1188 1862 te
1205 1811 1289 1862 nitore
1306 1828 1363 1862 mu-

234 1897 312 1962 pr'etro
328 1895 424 1964 recepit
441 1897 559 1950 Arntaen.
577 1914 634 1948 cum
652 1897 771 1958 Daumio,
790 1899 835 1964 qui
852 1898 925 1950 dicit:
945 1897 1046 1950 ‘Coacta
1063 1914 1124 1949 suus
1142 1897 1226 1960 lectio,
1245 1916 1320 1964 quem
1338 1907 1365 1950 et

235 1981 392 2032 Puimanuus
414 1999 472 2032 orae
495 1981 620 2032 Editiouis
639 1999 700 2032 suae
718 1981 842 2049 appinxit3
867 1999 920 2032 nort
943 1981 1008 2033 enim
1024 1981 1102 2047 filius
1122 1983 1240 2050 mapister
1260 1983 1365 2036 estsine

235 2067 327 2129 doctor,
346 2069 390 2119 sed
407 2067 484 2120 Peter
502 2069 567 2134 ipse.
599 2067 649 2130 Qui
673 2066 747 2118 edere
765 2067 853 2118 meluit
870 2067 966 2120 umeri:
990 2067 1019 2117 t're
1042 2077 1132 2132 quote
1150 2077 1220 2120 utere
1237 2069 1364 2134 mapiatro.

234 2154 365 2220 Apertior,
384 2156 515 2220 veriorque
532 2153 566 2204 ed
590 2170 679 2205 aevum
702 2171 856 2221 sensumque
880 2154 994 2206 Auctoris
1009 2162 1061 2206 est:
1088 2153 1155 2219 quod
1172 2163 1196 2206 te
1213 2156 1293 2207 vitare
1310 2173 1365 2206 ma-

233 2239 319 2308 pistro’
338 2249 384 2293 etc.
422 2239 477 2297 Quo
496 2238 615 2290 territare
633 2238 825 2303 muyiatroPut.
860 2240 933 2292 Bona
950 2241 1092 2292 emendatio
1111 2249 1150 2292 est
1167 2241 1297 2296 Seriverii:
1316 2261 1365 2308 quo

234 2328 299 2380 vitae
317 2336 391 2379 utare
408 2328 535 2395 magistro.
570 2328 697 2394 Equidem
720 2327 806 2395 posui:
835 2344 883 2392 quo
904 2335 956 2378 tecte
978 2335 1053 2378 actare
1077 2327 1209 2392 mupietro,
1237 2337 1290 2380 tute
1313 2347 1365 2380 nou

234 2416 361 2483 accipiens
379 2414 525 2468 adverbium
542 2414 588 2466 sed
606 2414 703 2465 dictum
721 2431 766 2482 pro
785 2421 827 2478 tu,
853 2421 882 2464 tu
899 2414 965 2480 r'pee,
988 2421 1017 2465 ut
1040 2413 1090 2465 Cio.
1110 2413 1182 2466 Verr.
1205 2415 1239 2475 11,
1258 2415 1287 2471 5:
1311 2422 1365 2466 tore

225 2501 351 2567 fatebere.
387 2501 440 2553 Cic.
457 2501 490 2552 ad
507 2500 563 2552 Div.
580 2500 601 2562 Ι,
621 2501 665 2556 18:
689 2508 718 2550 act
735 2507 788 2551 tute
805 2499 865 2549 mitt
884 2499 1047 2565 praecepisti.
1083 2499 1135 2551 cie.
1152 2501 1211 2554 Ace.
1230 2501 1251 2563 Ι,
1271 2503 1316 2556 19:
1335 2509 1365 2552 ut

234 2598 286 2641 tute
303 2589 361 2643 ecia.
378 2588 439 2642 ibid.
458 2588 504 2648 ΙΙΙ,
524 2589 569 2642 12:
589 2586 658 2652 quod
680 2594 732 2637 tute
754 2586 884 2652 intellipa'a.
903 2587 935 2637 ad
953 2586 1008 2639 Diu.
1028 2587 1071 2650 ΙΙΙ,
1090 2587 1120 2642 5:
1147 2585 1219 2642 Quae
1237 2586 1295 2636 aliis
1312 2594 1364 2638 tute

231 2676 381 2742 praecipere
397 2673 468 2736 soles,
486 2690 517 2724 eu
534 2680 586 2723 tute
604 2671 651 2732 tibi
668 2671 760 2722 subice.
778 2679 831 2722 tute
848 2671 900 2736 ipae
912 2673 1014 2724 Terent.
1031 2671 1096 2723 Eun.
1109 2673 1141 2736 V,
1153 2674 1178 2734 2,
1189 2673 1232 2728 54.
1254 2673 1363 2725 Sensus:

169 2785 175 2794 .
233 2763 348 2814 Invenies
373 2760 485 2828 aliquid,
508 2777 558 2826 quo
576 2759 695 2826 magistro
713 2765 740 2810 tu
757 2758 796 2808 uti
813 2759 915 2825 poteris.
933 2757 973 2808 uti
990 2757 1109 2823 mopietro
1127 2757 1181 2812 cie.
1200 2758 1301 2810 Caeciu.
1322 2762 1363 2814 ll.

234 2847 370 2898 Withofius
388 2865 413 2914 p.
432 2847 492 2908 562,
511 2846 554 2912 qui
572 2845 642 2906 dicit,
661 2861 712 2895 uon
731 2844 816 2910 inepte
835 2844 940 2895 divinari
951 2843 1076 2911 potuisse:
1097 2844 1165 2908 quod
1183 2851 1206 2894 te
1223 2843 1290 2894 iuvet
1309 2852 1364 2894 arte

235 2931 355 2997 mapiatra
374 2931 453 2998 (quod
470 2938 495 2983 te
513 2931 605 2986 evitare
627 2931 743 2982 iuvabit?
767 2929 866 2996 alisque
889 2930 916 2980 id
939 2947 1027 2996 genus.
1047 2929 1083 2995 Η)
1101 2948 1126 2997 p·
1144 2930 1193 2986 561
1214 2930 1259 2982 ‘sic
1277 2947 1363 2981 emen·

236 3018 345 3070 dandum
363 3035 420 3070 esse
437 3016 544 3069 feliciter
561 3017 608 3068 ait:
635 3043 667 3054 —
695 3015 763 3080 qood
780 3023 803 3066 te
821 3013 869 3064 riht
886 3014 991 3080 corripit
1007 3013 1078 3078 cirtio,
1103 3015 1233 3068 conferens
1251 3015 1314 3070 Hor.
1334 3015 1364 3067 E.

234 3105 256 3166 I,
276 3104 317 3167 18,
336 3104 462 3159 tit-102.
482 3103 550 3170 quod
568 3101 626 3164 tllll
644 3107 716 3154 utere
733 3101 841 3168 (rasura)
858 3101 892 3152 Η.

305 3243 328 3294 1.
353 3239 462 3306 Dispice
479 3239 526 3290 Itu
552 3239 633 3290 Puric.
658 3240 716 3292 rell.
733 3239 852 3307 Despice.
878 3237 943 3290 conf.
962 3237 1012 3289 cie
1031 3238 1089 3290 Am.
1109 3241 1155 3294 23:
1175 3238 1259 3289 urrimo
1282 3240 1305 3290 ci
1326 3239 1364 3290 eis

235 3325 307 3378 Leid.
325 3326 370 3377 111.
398 3327 468 3388 Quos
486 3325 508 3375 ai
524 3325 583 3378 Ital.
603 3333 628 3377 et
646 3325 666 3376 'P
686 3324 747 3392 (del.
767 3323 837 3390 Qut).
856 3323 997 3388 suscipiunt
1013 3323 1279 3376 YHE'PBDPKMVX
1295 3325 1365 3378 Mox.

235 3413 298 3463 Rex.
316 3411 380 3464 Vox.
405 3413 456 3466 328
481 3411 577 3464 ‘Leidd
595 3413 616 3464 1.
634 3412 666 3462 ΙΙ.
685 3412 729 3463 ΙΙΙ.
755 3411 812 3463 Vet.
835 3411 919 3464 Ghart.
943 3410 1049 3462 Membr.
1074 3410 1149 3462 Voss.
1172 3411 1229 3463 Vet.
1253 3411 1315 3480 Reg.
1339 3419 1364 3463 et

235 3499 283 3550 Ed.
302 3497 388 3551 Boill)
407 3499 464 3551 Put.
482 3498 524 3550 Pr.
542 3497 598 3550 Ital.
609 3497 702 3552 ‘Guxtt
722 3499 781 3554 861.
801 3498 842 3553 83.
874 3495 933 3548 Bos.
951 3496 1030 3564 Neup.
1048 3497 1111 3548 Ven.
1129 3498 1170 3552 93.
1189 3498 1255 3550 conf.
1273 3497 1362 3550 Heius.

236 3594 262 3639 et
279 3585 416 3638 Burmann.
434 3586 467 3636 ad
485 3585 557 3637 Orid.
575 3585 621 3646 111,
642 3586 667 3647 8,
686 3588 709 3639 1.
733 3583 872 3649 suspiciunt
894 3582 937 3634 RS
961 3590 1008 3634 etc.
1043 3581 1166 3634 Nonnulli
1183 3583 1250 3635 mals
1270 3583 1361 3636 distin·

236 3680 328 3741 gruunt:
347 3673 489 3724 mendicant
507 3688 615 3738 semper,
633 3671 708 3722 avari.
726 3673 790 3722 conf.
808 3670 829 3731 Ι,
848 3671 894 3724 38:
913 3685 1010 3735 semper
1024 3669 1159 3734 patientia.

305 3762 329 3814 2.
356 3757 533 3810 sicomorum
554 3774 581 3808 eo
598 3757 685 3824 saeris
706 3755 941 3809 RSEYBDFVXM
962 3755 1019 3807 Ital.
1044 3755 1112 3806 Cart.
1136 3757 1178 3811 83.
1204 3754 1263 3810 Bas.
1281 3756 1361 3824 Neap.

236 3847 301 3899 Verr.
320 3847 360 3900 91.
380 3845 455 3901 1658.
474 3850 627 3907 contemptus
646 3860 675 3894 co
696 3843 730 3893 fu.
749 3842 781 3894 Κ.
800 3859 857 3894 cum
875 3841 967 3893 rasuris
985 3841 1044 3896 H'P.
1079 3841 1108 3893 Si
1131 3849 1260 3893 conteratur
1275 3843 1363 3909 fueris

237 3947 264 3982 eo
282 3948 304 3994 q.
322 3930 364 3984 Pr.
383 3938 495 3998 tempore
513 3929 597 3980 desint
613 3929 656 3980 Pr.
673 3929 732 3980 Bas.
747 3928 827 3996 Neap.
855 3927 885 3979 si
895 3927 983 3996 fueris
1001 3933 1133 3978 conteretur
1150 3943 1178 3978 eo
1190 3929 1280 3980 Duum.
1293 3928 1361 3980 Scri-

236 4034 287 4069 ver.
305 4015 431 4079 Arntzen,
450 4017 494 4084 qui
511 4016 599 4067 refert:
625 4016 668 4067 Sic
689 4016 783 4067 habent
806 4033 893 4066 omnes
915 4014 991 4067 MSS.
1016 4011 1361 4082 codd.except.Leid.111.

237 4109 262 4153 et
279 4110 327 4154 vet.
346 4102 428 4155 chart.
446 4101 643 4170 praeferentibus
662 4101 692 4152 Sc'
715 4109 844 4152 contectus
858 4101 947 4166 feceris
971 4117 997 4152 co
1022 4099 1089 4164 quod
1106 4108 1215 4166 tempora
1231 4100 1361 4166 praeterr.

237 4187 299 4239 Cod.
316 4204 374 4240 vero
393 4188 475 4241 Puric.
510 4186 541 4238 Sc'
559 4194 689 4238 contemtus
706 4203 734 4238 eo
742 4185 917 4252 fueriepccod
934 4195 1045 4252 temporo
1058 4187 1190 4252 praeberet,
1209 4191 1300 4256 quibus
1318 4205 1360 4240 ac-

237 4273 329 4326 cedunt
346 4273 411 4327 Edd.
430 4272 507 4324 Boill.
525 4273 623 4327 Erasm.
641 4274 737 4341 Gryph.
756 4274 831 4326 cord.
850 4282 875 4326 et
894 4272 968 4328 cruc.
985 4273 1071 4328 blale’.

305 4361 330 4414 3.
356 4375 402 4411 rcec
420 4375 471 4411 rem
489 4365 537 4412 rat.
553 4360 614 4426 pub.
650 4359 689 4412 ‘Si
712 4375 752 4412 res
776 4361 843 4412 male
865 4361 911 4412 tibi
931 4361 1068 4413 succedunt
1090 4369 1178 4430 tuapte
1198 4363 1361 4432 negligentia,

237 4462 270 4498 ue
287 4446 400 4499 conferas
418 4445 519 4514 culpam
537 4444 564 4496 in
580 4445 731 4510 Fortunam,
752 4453 781 4499 ut
804 4446 874 4499 illum
897 4463 998 4499 coccam
1020 4446 1149 4515 appelles,
1173 4463 1230 4500 cum
1253 4457 1281 4501 tu
1306 4449 1362 4518 ipss
