3170 5090
656 425 757 479 LIBER
773 428 805 479 11.

221 587 251 648 4.
285 583 391 649 Iratus
413 583 453 648 de
474 602 509 650 ne
531 584 651 650 incerto
673 583 861 650 contendere
882 583 961 649 noli:

286 687 413 768 inpedit
433 687 482 750 ira
504 687 651 768 animum,
674 676 713 752 ne
735 687 837 769 possis
860 703 987 752 cernere
1008 703 1126 751 verum.

223 793 254 852 51
284 789 348 855 Fae
371 793 531 872 sumptum
552 808 695 872 propere,
718 807 789 855 cnm
810 808 862 856 res
876 789 1042 880 desiderat
1064 789 1148 872 ipse3

285 893 431 960 Dandum
446 893 561 959 etenim
575 898 624 960 est
638 892 766 976 aliquid,
789 892 862 959 dum
878 896 1002 976 tompus
1016 891 1157 974 postulet
1171 898 1228 958 ent
1245 913 1304 960 ree.

177 1054 270 1107 metuis
288 1055 360 1107 codd.
378 1055 538 1118 recentiores,
562 1062 591 1106 ut
609 1052 653 1104 ΒΕ
671 1054 730 1106 Pnt.
750 1053 836 1122 (iemp.
849 1053 925 1106 KMX
937 1053 979 1106 Pr.
999 1055 1068 1108 Cart.
1088 1057 1131 1122 83,
1149 1055 1215 1126 Aug.
1233 1057 1307 1109 Vind.

179 1142 261 1210 Euch.
280 1141 365 1195 Pnlm.
383 1142 488 1194 Chonet.
507 1141 604 1193 Eresm.
622 1139 699 1192 Boill.
714 1141 810 1208 Gryph.
823 1139 896 1192 (iord.
909 1140 980 1192 Grnc.
999 1143 1115 1210 eliaeque
1133 1143 1192 1195 huic
1209 1138 1309 1197 nostrae

179 1227 337 1280 coniecturae
359 1225 561 1296 adstipulantnr’.
605 1228 738 1289 Arnteen.,
761 1227 861 1278 dicensr
881 1224 974 1278 ‘scribe
995 1227 1067 1278 Dum
1083 1237 1188 1280 mortem
1210 1229 1308 1293 metuis.

178 1313 307 1365 Particulo
324 1314 391 1366 enim
410 1314 481 1376 olum,
500 1314 599 1380 quoties
613 1314 734 1381 temporis
752 1313 893 1381 praesentis
911 1321 994 1366 ectum
1012 1315 1114 1378 indicet,
1133 1333 1183 1368 nou
1202 1317 1307 1368 subiun-

179 1400 271 1452 stivam
297 1399 343 1451 sed
369 1399 529 1452 indicativum
556 1397 653 1466 poscit'.
689 1399 742 1450 Sed
768 1399 831 1450 dnm
856 1399 905 1450 hoc
928 1400 985 1452 loeo
1009 1402 1077 1453 idem
1100 1409 1140 1454 ost
1161 1419 1191 1454 ec
1213 1403 1309 1464 donec,·

178 1486 293 1553 exempla
318 1486 415 1538 adferre
440 1488 643 1556 supersedemus.
687 1485 781 1538 Omnes
805 1493 864 1538 vett.
882 1485 961 1538 Codd.
986 1488 1082 1539 hubent
1104 1496 1209 1541 menuae.
1246 1489 1308 1540 (ted.

179 1579 262 1632 'Iuric
285 1555 384 1646 metuis
403 1590 465 1638 mut.
485 1601 502 1632 c
519 1583 544 1633 in
563 1582 581 1632 i.
616 1581 807 1633 Almelovenius
825 1580 899 1632 aliter
916 1580 1065 1650 distinguit:

314 1667 414 1735 Linque
432 1676 527 1721 metum
545 1668 598 1731 leti,
617 1686 675 1720 nem
693 1667 799 1718 stultum
817 1675 863 1719 est.
900 1667 1025 1736 Tempore
1043 1669 1070 1721 in
1088 1671 1156 1722 omni

316 1756 383 1808 Dum
401 1763 507 1808 mortem
524 1755 624 1819 metuis,
642 1756 735 1807 emittis
752 1755 845 1823 gaudie
861 1755 933 1807 vitoe.

178 1840 275 1891 sinitris
292 1842 366 1894 lectio
385 1852 424 1894 est
440 1843 605 1895 recentiorum
627 1843 765 1904 librorum,
789 1851 818 1892 ut
840 1840 915 1893 BKM
932 1841 996 1894 Vox.
1014 1842 1037 1894 D
1056 1843 1176 1910 (amictis)
1191 1843 1249 1898 Put.
1267 1843 1309 1896 Pr.

178 1927 252 1979 Cant
280 1929 321 1984 83.
347 1937 406 1983 vett.
435 1930 549 1982 amittere
575 1929 711 1980 admittere
738 1927 770 1979 X.
800 1929 937 1980 ammittere
959 1928 1023 1982 Ven.
1047 1931 1089 1984 91.
1117 1929 1218 1980 amittae
1240 1932 1309 1982 Mox.

178 2013 285 2066 Membr.
304 2014 379 2067 Voss.
400 2015 494 2067 Omnes
512 2015 570 2066 libri
587 2016 635 2067 hoc
653 2016 777 2067 distichon
794 2023 907 2076 tuentur,
932 2015 1004 2066 cuiue
1026 2017 1150 2068 sententis
1167 2015 1216 2068 iem
1234 2017 1255 2078 Ι,
1274 2018 1308 2070 2⁸2

178 2109 233 2154 eret
259 2121 384 2171 expresso.
425 2104 492 2155 Hinc
518 2103 665 2156 Arntcenius
693 2119 749 2154 oum
773 2101 954 2170 Gennegietero
980 2119 1039 2170 pag.
1060 2103 1111 2156 461
1137 2119 1190 2168 cup.
1215 2099 1309 2156 XXIII.

179 2189 294 2258 spurium
313 2207 370 2242 esse
388 2190 475 2241 nullus
495 2190 595 2242 dubitet
612 2197 688 2260 utque
705 2207 719 2240 e
738 2196 853 2241 contextu
871 2196 1022 2251 removeret,
1041 2189 1116 2240 modo
1134 2187 1192 2239 libri
1210 2187 1309 2240 addice-

179 2273 253 2327 rent'.
289 2275 341 2328 Sed
359 2277 453 2328 similis
470 2277 519 2328 eibi
536 2277 599 2328 hoec
617 2275 722 2326 disticha
740 2284 807 2338 sunt,
830 2293 881 2327 non
898 2275 974 2342 plene
992 2275 1098 2327 eundem
1116 2275 1235 2326 exhibent
1252 2293 1309 2326 sen·

181 2362 291 2413 tentiam
308 2363 335 2414 iu
353 2361 470 2415 omnibus
487 2362 600 2429 pertibus
624 2361 826 2424 convenientem,
849 2377 905 2412 oum
928 2359 1042 2412 amittere
1061 2360 1160 2428 paedia
1177 2361 1242 2412 vitoe
1259 2379 1309 2412 non

182 2447 250 2499 idem
274 2449 307 2500 sit
329 2456 405 2515 atque
429 2447 498 2512 quod
516 2447 591 2510 estete,
609 2447 692 2514 perdit
709 2447 736 2498 id
753 2447 845 2514 ipsum,
863 2447 907 2498 ubi
925 2447 1027 2514 quidem
1045 2447 1240 2514 Oennegieterne
1259 2464 1309 2498 non

181 2533 231 2584 hoc
248 2533 304 2584 loco
321 2540 409 2585 notare
425 2532 547 2597 spiritum
559 2532 653 2584 ducere
671 2533 716 2584 sed
734 2533 847 2584 iucunde
863 2533 944 2585 cinere
957 2535 1024 2595 dicit,
1044 2533 1103 2600 quie
1115 2532 1235 2584 vicerunt
1246 2532 1309 2593 dies,

180 2635 244 2684 quos
267 2618 328 2670 laeti
351 2619 471 2670 riderent.
512 2618 569 2670 Hoc
592 2626 618 2670 et
636 2618 812 2681 Cretensibus,
835 2636 886 2671 non
909 2619 940 2696 dp
957 2619 1078 2672 Romanis
1102 2619 1203 2671 omnino
1224 2636 1309 2671 verum

179 2712 229 2756 est.
266 2703 342 2760 Quod
358 2704 419 2755 vicit
436 2721 513 2772 supra
530 2704 704 2773 explicuimus.
740 2706 811 2758 idem
828 2707 894 2758 valet
911 2707 1006 2767 delli,
1024 2707 1070 2760 22:

387 2790 438 2842 Fec
454 2791 500 2842 tibi
517 2807 653 2857 propones,
671 2797 777 2842 mortem
794 2809 846 2844 non
860 2809 918 2844 esee
935 2791 1086 2845 timendam:

384 2877 460 2946 Quos¹
474 2877 542 2928 bonu
560 2877 582 2928 si
599 2894 651 2928 non
669 2877 710 2938 sit,
722 2877 788 2943 finio
806 2885 890 2928 tannen
907 2877 956 2930 illc
972 2878 1106 2931 malorum.

181 2963 257 3026 Quod
275 2962 399 3016 distichon
417 2962 492 3015 etiem
509 2963 688 3014 conferendum
706 2971 744 3015 est
762 2980 819 3015 oum
837 2963 881 3014 illo
898 2964 922 3030 1,
940 2965 987 3018 921

376 3047 426 3120 ,ΝΘ
445 3049 534 3101 timeus
552 3049 631 3112 illem,
651 3067 715 3116 quse
732 3049 797 3102 vitoe
815 3057 854 3100 est
870 3045 960 3101 ultime
976 3047 1050 3100 finis:

386 3135 437 3198 Qui
455 3142 560 3208 mortem
577 3138 678 3197 metuit,
697 3137 765 3202 quod
783 3135 850 3197 vivit,
868 3135 953 3202 perdit
970 3133 996 3184 id
1014 3137 1105 3204 ipsum.

179 3221 219 3272 Dc
236 3238 286 3286 quo
304 3220 445 3274 audiendus
461 3231 500 3275 est
518 3223 714 3292 Cunnegieterus
732 3241 754 3276 c.
772 3223 859 3276 XXIII
883 3241 941 3290 pag.
959 3223 1017 3279 459.
1036 3223 1095 3284 460,
1119 3221 1162 3288 ‘lui
1186 3221 1233 3273 hoc
1254 3239 1310 3273 cum

179 3307 224 3370 IV,
243 3309 276 3362 22
295 3323 436 3374 conparens
454 3307 527 3376 (Non
543 3310 631 3362 metuit
648 3317 760 3361 orontem.
779 3310 822 3377 qui
838 3295 884 3362 soit
902 3315 1062 3362 contemnere
1079 3307 1166 3373 ritem)
1189 3307 1215 3358 in
1232 3309 1310 3359 altero

179 3393 283 3444 modum
307 3395 483 3448 contemnendi
505 3403 626 3458 mortem,
649 3397 675 3447 in
700 3397 779 3448 altero
803 3411 905 3448 caueam
928 3397 1044 3462 exponit,
1072 3411 1116 3446 cur
1139 3411 1169 3446 en
1187 3410 1237 3445 non
1255 3411 1308 3446 me-

180 3481 275 3532 tuende
293 3481 332 3534 sit.

248 3569 273 3620 4.
299 3566 388 3618 Wach.
407 3573 433 3618 et
448 3566 553 3618 Withof.
572 3567 681 3621 Dissert.
699 3569 731 3620 ΙΙ.
755 3587 781 3636 p.
799 3569 850 3624 549
873 3567 1067 3636 censposirione
1091 3566 1221 3618 meliorem
1244 3565 1311 3616 huno

182 3667 282 3704 cereum
305 3653 502 3706 substituerunt:
526 3654 624 3706 Incerto
646 3655 724 3705 iratus
751 3654 784 3706 de
806 3671 834 3705 re
860 3663 942 3716 cont,
971 3653 1017 3705 sed
1045 3660 1132 3705 contre
1160 3667 1310 3702 consensum

180 3737 302 3790 librorum
320 3756 371 3790 non
390 3746 429 3790 cst
446 3740 617 3806 pugnandum.
652 3739 716 3792 Ven.
735 3741 767 3794 91
791 3739 862 3792 addit
885 3739 991 3791 disticho
1011 3757 1035 3792 r·
1052 3737 1147 3791 cerdic:
1171 3737 1225 3788 noli
1248 3754 1309 3788 oon-

180 3825 285 3876 terrdere
309 3824 401 3886 verbis,
428 3825 498 3886 cxl,
518 3829 551 3881 10
577 3825 690 3878 inlatum.
733 3825 836 3892 Impedit
869 3825 951 3877 Turio.
982 3824 1039 3880 rell.
1064 3824 1180 3892 impedit,
1208 3832 1237 3875 ut
1262 3824 1309 3874 im-

180 3911 299 3976 pendere.
316 3909 397 3978 poscr't
413 3909 610 3962 anssnnxm
632 3912 688 3978 (occ
710 3911 803 3978 poscit)
825 3912 882 3966 Itul.
901 3911 975 3964 (tart.
992 3912 1033 3966 86.
1053 3909 1113 3962 Bos.
1130 3909 1210 3977 Neep.
1228 3909 1309 3977 poscit

181 4012 213 4048 nc
230 3996 296 4049 Ven.
315 3997 356 4050 93.
374 3996 428 4047 rell.
447 3996 539 4063 porciu
556 4003 587 4046 ut
603 3996 674 4048 Leid.
692 3997 725 4047 II.
744 3997 810 4048 eon.
829 3997 914 4060 Voss,
933 4005 959 4050 et
976 3996 1037 4052 (iod.
1057 3997 1140 4050 I'uric.

249 4083 275 4138 5.
309 4081 396 4134 Barth.
405 4079 476 4148 XXI,
488 4083 519 4135 21
531 4081 567 4132 sic
577 4081 720 4148 distinguit:
729 4079 791 4135 ‘Fac
803 4092 923 4146 sumtum,
934 4100 1041 4151 propere
1058 4101 1115 4135 cum
1124 4100 1165 4134 res
1175 4082 1310 4145 desideret,

181 4167 241 4236 ipsi.
265 4167 330 4220 Cum
348 4185 399 4236 quc
418 4167 533 4234 congruit
550 4169 677 4220 sententie
694 4169 824 4236 sequentis
841 4167 944 4222 versus'.
976 4169 1060 4235 Atque
1077 4168 1266 4222 Almelcveniue
1283 4171 1310 4221 in

181 4272 261 4322 marg.
278 4254 430 4322 exemplaris
448 4254 489 4306 sui
500 4261 606 4316 notor-et,
624 4263 689 4306 teste
706 4256 947 4325 Arntnenio.'prope
963 4271 1021 4306 oum
1038 4253 1070 4304 V.
1088 4253 1190 4317 aliquid
1206 4263 1242 4306 eet
1253 4273 1311 4308 cum

181 4341 214 4395 V.
235 4341 329 4394 Denda
352 4340 445 4393 etenim
468 4356 556 4392 rerum
575 4359 632 4394 cnm
649 4341 685 4393 M.
704 4341 767 4393 dum
789 4349 889 4409 tempus
915 4341 986 4394 ΒΗΤ
1012 4341 1076 4394 Rox.
1104 4339 1145 4392 Pr.
1169 4343 1199 4392 cf.
1224 4341 1247 4394 d.
1269 4342 1309 4396 18.

168 4427 239 4490 rell.
257 4444 315 4478 cum
332 4435 431 4495 tempus
448 4427 465 4477 i.
484 4427 581 4478 cocceio
599 4437 628 4479 nt
645 4427 708 4480 Hor.
727 4427 817 4479 dextro
835 4434 946 4494 tempore
966 4443 1012 4494 pro
1025 4427 1155 4478 commode
1173 4427 1310 4479 occasione.

233 4519 390 4570 1111111111,
405 4517 492 4562 orno.
1090 4512 1107 4568 1
