3148 5102
691 443 782 494 CATO
800 443 1049 497 PHILOSOPHVS.

412 604 441 662 4.
476 597 595 680 Sperne
617 598 821 681 repugnando
843 598 900 664 tibi
923 603 958 663 tu
981 599 1157 665 contrarius
1179 617 1264 666 esse:

473 701 645 768 Conveniet
666 701 752 781 nulii,
775 701 830 781 qui
853 720 958 766 seeum
982 700 1114 767 dissidet
1134 703 1211 782 ipse.

413 810 441 868 5.
476 803 510 869 Si
532 807 628 870 vitem
650 804 796 885 inspieIes
818 803 986 879 homiuum,
1008 805 1034 868 si
1059 805 1192 885 denique
1214 824 1325 886 mores,

473 907 521 971 Ne
543 907 649 990 culpes
672 906 765 972 alios:
789 923 879 970 nemo
902 909 969 972 siue
992 907 1121 972 crimine
1143 909 1228 974 vivit.

413 1015 441 1074 6.
476 1011 562 1088 Quae
584 1011 727 1074 nocitura
750 1015 849 1086 teneS,
872 1011 1014 1092 quamvis
1036 1012 1100 1074 sint
1122 1028 1204 1090 cers,
1227 1011 1388 1093 relinque;

473 1113 599 1178 Vtilitas
622 1113 733 1195 opibus
757 1113 906 1194 praeponi
928 1117 1071 1196 tempore
1093 1113 1196 1178 debet.

412 1221 441 1278 7.
477 1216 631 1280 Constans
654 1221 686 1279 et
707 1214 796 1288 lenis,
820 1221 855 1280 ut
877 1235 928 1280 res
951 1216 1137 1295 expostulat,
1162 1223 1245 1283 esto:

473 1318 679 1400 Temporibus
701 1336 803 1382 mores
829 1319 953 1401 sapiens
976 1319 1043 1385 sine
1066 1321 1193 1385 crimine
1215 1325 1325 1385 mutat.

250 1487 254 1498 '
310 1492 388 1562 λόγῳ.
420 1493 545 1558 Sosiiger:
563 1488 663 1558 καίρια.
681 1490 736 1543 seit.
756 1499 784 1540 ut
800 1490 846 1552 IV,
865 1491 907 1550 22,
925 1490 958 1540 eit
976 1489 1118 1542 XMembr.
1132 1491 1199 1542 Cart
1213 1493 1254 1546 83.
1272 1492 1373 1542 ratione
1394 1510 1444 1560 pro

311 1597 367 1630 curn
390 1578 496 1638 ratione,
516 1576 662 1642 prudenter,
688 1584 716 1626 ut
734 1575 784 1626 cic.
803 1576 855 1626 Ate
873 1575 930 1636 XII,
949 1578 990 1631 44.
1028 1576 1077 1630 Off.
1096 1578 1128 1638 ll,
1154 1580 1193 1632 12.
1228 1577 1284 1629 Jur.
1303 1579 1336 1634 X.
1356 1582 1382 1633 4.
1404 1581 1445 1630 sic

310 1673 419 1730 tempore
437 1681 482 1730 pro
499 1663 528 1712 in
545 1671 655 1726 tempore
673 1661 745 1712 Ovid.
764 1661 822 1712 Her.
839 1661 883 1723 IV,
903 1663 960 1716 109.
979 1661 1064 1712 studio
1082 1680 1128 1729 pro
1144 1679 1200 1714 eum
1213 1665 1305 1729 studio,
1323 1665 1444 1716 studiose

311 1750 382 1802 Orid.
401 1749 442 1801 Tr.
460 1749 505 1809 III,
524 1750 549 1806 4.
568 1750 609 1802 41-

378 1839 403 1890 4.
430 1833 529 1898 Sperne
546 1834 561 1888 i.
581 1833 634 1883 noli
652 1832 777 1898 Spernere
795 1832 866 1884 Leid.
884 1833 904 1892 l,
924 1831 1007 1882 Turio.
1020 1831 1065 1882 tibi
1081 1841 1109 1882 tu
1121 1832 1177 1899 (tibi
1189 1842 1305 1886 tu=tum
1318 1836 1444 1900 Membr.)

311 1931 339 1972 ut
355 1920 415 1971 mihi
433 1936 474 1975 me
492 1919 548 1970 Ter.
567 1917 679 1985 Adelph.
698 1918 744 1980 IV,
763 1923 787 1979 4,
808 1920 832 1972 6.
850 1926 894 1968 tus
913 1925 947 1978 te,
965 1935 1006 1970 me
1018 1936 1082 1981 mea,
1101 1927 1132 1972 tu
1141 1927 1219 1980 tuum,
1238 1939 1285 1971 sus
1301 1923 1359 1982 sibi,
1378 1940 1442 1973 nos-

311 2015 349 2058 tre
367 2023 421 2067 nos,
439 2013 523 2055 nostre
540 2004 670 2055 nobiseum
689 2013 736 2054 ete.
755 2010 832 2056 contr.
846 2011 896 2054 erto
908 2004 965 2054 Itsl.
981 2003 1078 2055 desidet
1090 2007 1113 2056 D
1127 2006 1178 2059 328
1195 2005 1265 2057 Leid.
1276 2008 1294 2057 1.
1314 2007 1384 2060 Ceut.
1397 2009 1441 2062 83.

311 2093 374 2144 Ven.
393 2094 434 2145 91.
453 2090 559 2142 dissidet
576 2091 591 2144 2
609 2108 642 2141 m.
661 2090 770 2141 dessidet
787 2089 862 2156 Digb.
881 2090 925 2152 (18
944 2090 1094 2156 deesistere).
1121 2091 1226 2142 discidet
1243 2092 1278 2144 M.
1298 2094 1351 2159 ipse
1369 2095 1441 2153 libri,

311 2197 361 2230 non
378 2180 441 2245 ipso,
459 2177 527 2244 quod
547 2176 631 2228 Barth.
651 2175 714 2228 Adr.
734 2174 829 2236 XXIV,
847 2177 863 2228 4
881 2175 960 2226 voluit
971 2183 1046 2241 atque
1058 2175 1258 2240 Almelorenius,
1276 2181 1323 2230 sed
1341 2180 1409 2232 sons.
1421 2181 1441 2242 1,

313 2269 352 2321 17.
371 2266 404 2327 ΙΙ,
424 2266 462 2318 16.
480 2262 562 2313 Proef.
582 2263 626 2323 111,
645 2264 662 2316 4
679 2261 778 2327 alisque
796 2260 876 2312 mults
894 2263 1011 2328 exemplo
1028 2263 1097 2328 apud
1115 2262 1168 2314 sie.
1188 2263 1247 2316 Sen.
1261 2274 1286 2314 et
1298 2265 1354 2316 Ter.
1370 2265 1441 2316 Con-

310 2354 424 2402 venietne
442 2348 491 2400 ulli
509 2349 627 2415 seriptum
646 2349 671 2398 in
689 2348 801 2414 margine
819 2366 834 2398 s
852 2347 912 2398 Viro
937 2347 1011 2400 docto
1029 2349 1116 2414 aliquo
1136 2351 1205 2417 spud
1224 2353 1312 2402 Grues.
1331 2351 1366 2402 ud
1384 2352 1443 2402 Cic.

311 2437 375 2504 epp.
394 2437 464 2486 Fam.
482 2435 527 2496 III,
546 2437 569 2487 4.

378 2523 402 2577 5.
433 2520 495 2571 Cum
513 2521 618 2585 culpant
644 2519 715 2570 RTX
742 2519 784 2570 Pr.
802 2519 883 2570 Venn.
903 2521 934 2574 91
964 2529 990 2570 et
1016 2521 1056 2574 93.
1084 2520 1171 2571 Leidd.
1189 2521 1209 2572 1.
1228 2522 1259 2572 II.
1278 2522 1342 2574 Coll.
1362 2524 1441 2575 Voss.

311 2609 392 2659 Turio.
411 2607 531 2658 Arutzen.
550 2606 652 2658 Withof
669 2623 694 2672 p.
713 2606 772 2661 542.
809 2606 873 2656 Cum
898 2606 1001 2672 culpent
1025 2622 1109 2657 omnes
1132 2607 1201 2674 (essu
1221 2608 1311 2674 primo)
1336 2609 1439 2660 Canne-

310 2697 394 2764 gieter.
414 2713 468 2762 esp.
488 2694 582 2744 XXIX.
623 2693 686 2742 Cum
704 2695 814 2760 culpent,
833 2701 898 2744 teste
916 2693 1058 2756 Ammonio,
1073 2692 1153 2761 ‘Aug
1173 2695 1247 2744 Vind.
1266 2695 1343 2746 Eueh.
1357 2697 1440 2748 Paris.

310 2783 393 2834 Pulm.
418 2781 500 2832 Treui.
524 2780 600 2831 Fran.
624 2780 722 2830 Erasm.
747 2779 842 2846 Gryph.
869 2780 940 2831 Grue.
966 2788 990 2830 et
1015 2780 1138 2846 quaedem
1159 2781 1326 2846 posteriores’.
1365 2782 1442 2833 Adde

311 2869 465 2920 Plenudem:
485 2864 533 2937 κᾷν
551 2865 701 2932 μέμφοιντό
719 2882 773 2934 πρε
793 2861 898 2923 ἄλλους.
936 2866 1062 2932 Scaliger:
1088 2863 1136 2933 κῆν
1155 2864 1232 2916 αὐτοὶ
1249 2869 1377 2928 ponder·
1397 2862 1440 2916 ἄλ·
1547 2875 1548 2880 ’

311 2953 374 3012 lou<
396 2964 421 3005 et
442 2954 528 3005 Barth.
546 2953 610 3004 Adv.
628 2952 730 3013 XXIV,
752 2956 776 3005 4.
804 2969 860 3003 cum
884 2953 973 3017 eulpae
997 2953 1072 3019 Digb.
1097 2954 1156 3007 328·
1182 2971 1238 3004 cunr
1262 2955 1346 3022 culpes
1369 2953 1442 3005 BVK

310 3042 401 3092 Deum.
419 3040 485 3090 Pith.
522 3037 583 3088 Non
601 3038 686 3104 culpes
704 3038 809 3090 Membr.
829 3039 883 3090 rell.
920 3037 960 3090 Ne
978 3039 1078 3105 culpes,
1102 3047 1131 3090 ut
1154 3039 1258 3093 Seriver.
1295 3038 1366 3096 Quid
1384 3040 1440 3092 eul-

310 3145 356 3194 pss
375 3127 465 3178 eoniee.
486 3126 516 3176 V.
535 3125 566 3174 D.
590 3143 630 3192 ap.
648 3125 767 3175 Arutzen.
809 3123 890 3175 Nemo
912 3125 968 3176 sine
993 3142 1030 3176 or.
1055 3125 1121 3178 vivit.
1147 3126 1212 3177 eonf.
1239 3127 1381 3178 Simonides
1400 3144 1440 3192 sp·
1546 3161 1547 3164 =

312 3215 381 3266 Stob.
400 3212 475 3290 CCLI
493 3212 558 3262 Edit
577 3212 651 3263 Ges:
670 3206 782 3273 ἄμωμος
800 3207 882 3268 οὔτις.
911 3211 1003 3263 Catuli.
1016 3211 1097 3274 XXII,
1118 3214 1166 3266 20:
1186 3212 1253 3264 Suus
1267 3213 1356 3279 cuique
1369 3212 1440 3264 attri-

311 3302 386 3351 butus
405 3307 443 3349 est
460 3315 535 3349 error.
553 3299 655 3348 Petron.
673 3315 698 3363 p.
719 3297 782 3350 222:
800 3295 881 3348 Nemo
900 3305 1081 3348 nostrumnon
1100 3307 1186 3364 peccet
1205 3307 1250 3349 eto.

380 3389 403 3440 6.
428 3383 662 3449 temporeutHor.
681 3383 708 3434 S.
727 3383 747 3444 I,
766 3384 791 3444 5,
810 3385 843 3436 47
864 3401 909 3450 pro
929 3383 1093 3449 intempore.
1127 3384 1441 3446 uer.Ph0rm.11.4‚tt.
1545 3381 1546 3424 ἶ

311 3473 400 3524 Hesut.
420 3471 496 3536 11‚,3‚
518 3471 573 3525 123.
601 3470 679 3521 Andr.
691 3469 734 3530 IV,
752 3472 778 3529 4,
800 3471 839 3522 19.
873 3470 994 3532 Flenlll,
1013 3471 1038 3531 3,
1058 3474 1089 3524 14
1108 3477 1153 3520 eto.
1172 3471 1236 3522 conl.
1249 3473 1269 3532 1,
1288 3473 1318 3527 3:
1338 3472 1441 3522 ratione·

377 3561 400 3611 ’1.
429 3555 553 3608 Constans
577 3563 602 3607 et
625 3555 691 3606 lenis
715 3553 902 3606 srflussuvx
927 3553 1002 3622 Digb.
1022 3557 1072 3610 328
1099 3555 1203 3606 BVen.
1222 3557 1253 3611 91
1274 3566 1299 3608 et
1316 3560 1356 3613 93.
1381 3556 1440 3608 Bas.

310 3645 365 3696 Itul.
383 3653 430 3694 eie
468 3641 691 3704 Constansllllenis
715 3641 739 3691 R
762 3658 818 3692 eum
847 3657 934 3691 rasura
952 3650 1051 3692 etcum
1074 3641 1180 3707 glossis:
1204 3641 1324 3706 blandus,
1348 3643 1440 3708 suavis.

309 3731 426 3781 Bhabet
440 3728 563 3796 glossam:
588 3729 615 3778 in
639 3727 809 3793 prosperitate
837 3743 888 3777 non
907 3726 995 3777 elatus.
1015 3744 1067 3776 non
1088 3728 1114 3777 in
1131 3727 1279 3778 adversitate
1298 3727 1440 3795 depressus.

308 3816 348 3867 vel
367 3823 483 3866 constans
501 3814 528 3863 in
545 3813 637 3863 iudieio
662 3812 770 3863 ettonis
793 3813 821 3862 in
840 3812 967 3877 potiendo.
1004 3811 1036 3861 O:
1058 3812 1123 3863 lonis
1142 3814 1159 3862 i.
1177 3814 1254 3864 mittis
1273 3814 1301 3880 (l.
1321 3815 1399 3881 mitis)
1417 3819 1442 3862 et

309 3901 407 3968 petiens
425 3910 451 3951 et
468 3900 609 3950 misericors
627 3897 724 3949 miseris
743 3905 768 3948 et
786 3896 886 3947 afflictis
899 3898 947 3963 piis
969 3905 994 3947 et
1006 3897 1088 3948 iustis.
1120 3895 1243 3948 Constans
1258 3908 1284 3950 et
1294 3898 1356 3950 leuis
1368 3895 1441 3950 DI'M

313 3988 419 4038 Membr.
437 3986 505 4036 Ceut.
525 3987 558 4039 83
577 3993 602 4036 et
620 3985 678 4040 861.
716 3983 885 4034 Commutatio
903 4001 990 4034 vocum
1009 3983 1075 4034 lenis
1094 3991 1119 4034 et
1136 3984 1206 4046 levis,
1224 3985 1315 4037 leniter
1333 3994 1358 4037 et
1375 3984 1440 4036 levi-

314 4092 353 4138 er,
382 4075 473 4126 lenitas
492 4083 517 4126 et
542 4075 632 4126 leritss
652 4083 691 4124 est
720 4073 881 4138 frequentior.
919 4073 1056 4126 Erasmus:
1079 4070 1222 4123 ‘Constans
1245 4079 1268 4121 et
1285 4071 1357 4122 lenis.
1393 4073 1442 4121 Pro

313 4159 426 4229 tempore
452 4161 511 4212 lieet
534 4161 597 4212 elios
617 4169 692 4226 etque
717 4159 782 4209 elios
805 4175 887 4209 mores
906 4177 1018 4222 sumere,
1044 4167 1071 4210 ut
1095 4159 1169 4210 modo
1192 4157 1280 4223 prauis
1298 4161 1346 4220 ste,
1368 4157 1441 4208 modo

312 4247 387 4308 lenis,
405 4246 453 4297 hoe
471 4253 517 4307 est,
533 4245 647 4310 placitus
665 4262 696 4294 ac
714 4245 841 4307 remissus,
859 4263 905 4312 pro
923 4246 948 4296 vi
966 4263 1064 4312 proque
1083 4245 1147 4296 loeo.
1184 4244 1258 4306 Vide,
1277 4262 1337 4295 num
1355 4243 1441 4310 legen-

314 4333 374 4383 dum
393 4333 426 4382 sit
443 4331 506 4382 levis
524 4350 569 4398 pro
587 4331 665 4392 lenis,
691 4331 759 4398 quod
781 4332 861 4398 magis
881 4331 1017 4398 respondet
1034 4331 1067 4381 ed
1085 4340 1218 4392 sonutam,
1244 4339 1272 4380 ut
1290 4331 1322 4381 sit
1340 4344 1440 4382 sensus:
1541 4377 1542 4380 ,

313 4417 457 4484 Aliquando
483 4418 667 4484 persistendum
692 4418 717 4467 in
742 4417 880 4478 sententis,
908 4417 1045 4483 aliquando
1070 4419 1217 4469 mutandum
1242 4417 1375 4468 consilium
1398 4430 1441 4483 pro
