3148 5102
511 1251 940 1397 PROLOGVS.

154 1642 248 1759 Com
285 1690 600 1766 animadverterem„
620 1706 714 1770 quem
750 1691 900 1772 plurimos
944 1691 1109 1776 [homines]
1146 1693 1284 1775 graviter

152 1794 186 1857 in
210 1793 264 1858 vie
286 1812 407 1859 morum
436 1812 559 1872 errare,
589 1793 835 1858 succurrendum
863 1792 986 1878 [errori]
1015 1795 1154 1874 opInioni
1176 1815 1283 1866 eorum

152 1903 185 1962 et
210 1895 439 1962 consulendum
460 1895 527 1961 lore
549 1895 737 1971 existimavi,
760 1896 894 1961 maxime
924 1901 960 1961 ut
988 1897 1121 1978 gloriose
1142 1899 1283 1966 viverent
1311 1909 1343 1962 15

151 2006 184 2064 et
207 1999 361 2065 honorem
384 1999 608 2080 contingerent.
646 1999 737 2064 Nunc
759 2003 800 2079 le,
823 1997 1047 2080 filioeriSsime,
1071 2001 1198 2082 docebo,
1220 2020 1281 2082 quo

150 2108 250 2182 paeto
273 2121 375 2186 mores
403 2104 450 2168 tui
480 2103 573 2167 enimi
597 2119 765 2184 conponas.
812 2103 912 2184 Igitur
941 2110 1109 2185 praecepte
1138 2125 1208 2171 mee
1236 2109 1281 2172 ile

150 2205 268 2286 legito,
291 2210 327 2271 ut
347 2205 520 2286 intellegas.
567 2205 686 2286 Legere
709 2205 805 2286 enim,
836 2211 869 2270 et
890 2225 952 2271 non
974 2207 1156 2289 intellegere
1177 2208 1280 2289 negle·
1309 2215 1342 2268 10

151 2327 228 2390 gere
255 2313 311 2374 est.
356 2309 468 2388 ltaque

150 2462 281 2513 INCIPIT
299 2461 481 2514 PROLOGVS
499 2461 678 2513 LIBRORVM
696 2461 842 2514 CATONIS
868 2463 1014 2517 CORDVB.
1033 2465 1087 2516 eod.
1105 2465 1133 2517 Ε.
1153 2465 1278 2518 INCIPIT

150 2547 267 2613 (1N01P.
285 2549 341 2600 eod.
358 2549 396 2614 S.)
420 2549 590 2600 PRIINA'I'IO
616 2549 800 2615 (PRAEFATI
821 2550 874 2602 eod.
894 2550 924 2616 S)
947 2551 984 2602 IN
1007 2551 1108 2602 LIBRO
1132 2551 1279 2626 CATONIS

151 2636 224 2687 codd.
247 2635 297 2686 YS.
1056 2663 1060 2672 ·

221 2725 240 2776 2
277 2721 341 2772 Cum
359 2723 442 2774 enims
465 2723 519 2774 adv.
544 2722 622 2775 Rawl.
643 2724 684 2778 60.
721 2722 783 2773 (lum
802 2723 857 2775 adv.
878 2724 960 2777 rIunio.
979 2741 1056 2788 qoam
1073 2741 1121 2775 om.
1140 2723 1212 2775 Vniv.
1231 2724 1278 2776 ho·

134 2826 137 2833 ·
150 2811 233 2862 mines
253 2827 301 2862 om.
313 2809 354 2860 ns
365 2809 438 2861 Vniv.
458 2809 528 2862 (lant.
548 2809 631 2862 Turio.
649 2827 707 2860 am.
726 2812 750 2864 ⁴2.
764 2809 846 2861 adscr.
863 2809 933 2862 Leid.
946 2811 965 2864 1.
984 2811 1118 2878 :ignaviter
1135 2811 1161 2862 in
1172 2810 1212 2861 via
1223 2828 1277 2862 mo-

150 2915 207 2948 rum
219 2887 304 2948 er'rore
323 2913 398 2958 enee,
417 2896 479 2961 Alii,
497 2904 525 2948 ιιι
538 2895 605 2948 Coll.
618 2895 692 2947 Voss.
711 2903 894 2964 transponunt:
911 2915 950 2964 gr.
968 2897 993 2948 in
1011 2897 1051 2949 vie
1069 2914 1151 2949 errare
1163 2915 1277 2960 morum,

151 2982 213 3044 Alii,
233 2990 263 3034 nl
280 2981 304 3032 V
322 2982 400 3036 Romi.
419 2985 452 3040 59
471 2981 577 3036 Membr.
596 2981 654 3032 Bos.
671 2981 778 3049 graviter
796 2999 877 3034 errore
894 2983 921 3034 in
939 3001 962 3036 ι,
976 3001 1007 3034 m.
1029 2980 1078 3033 Via
1095 2991 1120 3034 el
1136 2983 1185 3034 iter
1204 2986 1276 3048 (Juv.

151 3068 208 3130 VII,
232 3070 288 3123 172.
307 3068 403 3120 Auson.
423 3068 577 3136 noym,
598 3073 626 3125 l:
644 3070 710 3121 vitae
728 3070 786 3135 iter)
805 3088 865 3137 pro:
884 3071 983 3136 modum
1002 3071 1073 3123 ratio.
1097 3071 1146 3122 Pro
1164 3071 1277 3138 qroviter

151 3154 270 3206 Arnlzen.
291 3155 439 3206 existimavit
462 3156 621 3207 scribendum
641 3164 761 3223 yrovote,
785 3156 825 3207 vel
843 3158 869 3206 in
888 3173 950 3208 eum
964 3175 1067 3208 sensum
1081 3175 1127 3224 pro
1149 3157 1276 3222 yravotim

151 3241 336 3308 exponendum.
372 3241 424 3293 Sed
442 3259 525 3308 neque
542 3243 588 3293 ille
605 3243 711 3294 mutatio
730 3261 813 3309 neque
830 3245 893 3294 haee
909 3243 1022 3310 graviter
1034 3245 1101 3295 vocis
1114 3253 1224 3311 poteslas
1236 3247 1277 3296 hie

151 3327 248 3392 placem
266 3327 380 3393 qraoiler
397 3329 464 3380 enim
483 3336 521 3380 est
537 3328 612 3379 valde
632 3328 683 3382 (lie.
702 3330 736 3380 ad
752 3330 809 3382 Div.
826 3329 901 3391 XIV,
926 3333 967 3384 19.
1001 3329 1065 3398 Nep.
1084 3331 1158 3382 Eum.
1179 3333 1219 3391 14,
1238 3346 1276 3380 ve·

151 3410 278 3464 hemenler
296 3413 346 3466 Cio.
364 3412 443 3466 Aoed.
462 3414 506 3480 IV,
525 3415 567 3476 32,
592 3415 666 3480 Ionqe
684 3415 741 3466 Ner.
759 3415 808 3466 Ad.
826 3415 847 3476 Ι,
867 3419 889 3480 1,
909 3417 949 3470 40.
979 3415 1121 3468 Planudes:
1147 3415 1211 3466 ὁδοῦ
1228 3433 1275 3466 πα-

151 3499 345 3568 ρατρέπονται.
383 3499 510 3568 Scaliger:
528 3499 625 3559 δεινῶς
643 3498 818 3567 σφάλλονται
855 3504 872 3556 4
890 3519 955 3555 suec.
975 3505 1035 3568 (οιιι.
1054 3503 1146 3570 errore)
1165 3503 1275 3570 opinioni

152 3599 237 3637 eornm
255 3595 281 3638 el
298 3587 480 3640 consulendum
498 3589 554 3640 fore
571 3589 641 3639 exist.
660 3589 701 3638 ns
716 3589 788 3638 Vniv.
802 3588 872 3638 Cant.
886 3589 952 3641 Ven.
965 3588 998 3642 93
1016 3588 1075 3654 (om.
1089 3588 1160 3653 fore).
1179 3605 1275 3640 merum

151 3674 222 3724 exist.
245 3675 299 3726 lore
322 3691 387 3726 enee.
413 3673 525 3740 opinioni
543 3675 612 3741 (opp.
632 3675 665 3736 D)
690 3692 777 3726 eorum
801 3692 865 3728 max.
884 3674 941 3726 ΒΚ.
965 3690 1029 3726 nuce.
1049 3682 1074 3725 et
1091 3673 1274 3725 emolliendum

151 3775 209 3826 opp.
228 3777 315 3812 eorum
336 3761 390 3812 fore
416 3761 487 3812 exisl.
509 3759 540 3812 X.
560 3777 625 3812 enee.
650 3767 676 3812 el
699 3760 796 3814 consul.
822 3777 907 3810 eorum
930 3759 983 3811 fore
1006 3759 1076 3812 exist.
1099 3760 1177 3812 Rawl.
1196 3760 1229 3815 59
1247 3759 1274 3810 Μ

150 3844 235 3912 (forle)
254 3847 305 3900 328
322 3835 428 3897 Memini.
448 3846 517 3898 Cant.
536 3847 578 3901 83.
596 3863 637 3912 op.
656 3863 743 3898 eorum
762 3849 824 3910 (om.
838 3845 923 3910 exist.)
941 3863 1005 3898 mex.
1020 3855 1048 3896 ιιι
1061 3849 1122 3908 (om.
1134 3845 1209 3912 glor.)
1225 3845 1273 3898 viv.

150 3927 226 3997 Digb.
249 3932 320 3983 exist.
345 3931 398 3984 iore
417 3950 483 3986 suec.
500 3933 539 3984 vel
561 3949 795 3999 consensorem
814 3933 921 3984 maxime
939 3931 968 3985 Β.
1005 3935 1028 3986 7.
1051 3931 1124 3983 Nune
1140 3940 1165 3984 te
1183 3931 1273 3982 ESKD

151 4013 223 4068 Vniv.
242 4018 313 4070 Cant.
332 4017 359 4068 M
377 4018 455 4070 Rawl.
474 4019 508 4074 60
533 4018 603 4072 Oaxo
622 4018 727 4070 Membr.
746 4019 804 4071 Bes.
823 4021 888 4072 Ven.
906 4019 939 4074 93
957 4019 1073 4084 Arnlzen,
1092 4017 1132 4070 Al.
1157 4019 1223 4069 Hine
1240 4025 1272 4069 te.

150 4097 222 4152 Nune
239 4109 263 4153 Ie
281 4120 330 4155 om.
349 4103 400 4156 SV.
437 4103 516 4155 Ofili
534 4122 582 4156 ear.
607 4121 653 4172 ego
678 4105 773 4156 docebo
797 4113 823 4156 le
845 4123 912 4157 nuno
936 4123 985 4171 quo
1003 4107 1033 4157 E.
1052 4103 1183 4156 karissime
1200 4103 1273 4156 DXK

150 4185 230 4251 (lime)
249 4189 332 4239 Rawl.
351 4189 384 4244 59
402 4189 493 4255 (lime)
511 4189 587 4243 chore.
601 4191 664 4241 Ven.
679 4191 720 4245 93.
737 4191 814 4242 animi
825 4192 863 4242 lui
875 4191 953 4242 Bawl.
965 4193 1007 4246 59.
1036 4193 1059 4244 9.
1080 4189 1166 4256 Iqilmr
1178 4187 1273 4240 EBDK

151 4271 220 4322 (lul.
239 4275 279 4329 83.
304 4274 346 4326 Al.
364 4273 464 4340 iuyiter.
500 4277 558 4328 Hoo
581 4278 636 4330 adv.
663 4276 791 4337 Ausonio,
816 4277 923 4344 Apuleio
946 4287 970 4328 et
983 4276 1129 4338 ¹Prudentis
1154 4275 1272 4328 usitatum

150 4366 249 4424 propter
268 4379 290 4410 v.
308 4359 347 4410 ila
364 4377 415 4412 non
435 4361 555 4427 quedrot.¹
584 4361 669 4428 lyitor
686 4369 762 4423 reete,
780 4361 843 4414 coni.
864 4361 968 4424 Quintil.
987 4363 1006 4426 1,
1023 4363 1047 4423 5,
1061 4363 1102 4417 39.
1121 4379 1201 4428 praee.
1216 4379 1273 4412 meo

150 4440 243 4504 Esvnl
260 4445 334 4512 Digb.
352 4446 427 4498 Vniv.
446 4449 552 4499 Membr.
571 4449 637 4502 Ven.
657 4450 698 4502 93.
733 4449 774 4500 ΑΙ.
794 4466 850 4500 mee
867 4466 949 4516 praee.
968 4449 1004 4499 ilo
1021 4448 1096 4516 legito
1115 4445 1180 4500 SBV
1199 4447 1271 4498 Vniv.
