3170 5090
293 424 328 480 60
685 421 777 476 CATO
795 422 1043 478 PHILOSOPHVS.

316 582 366 644 36.
400 579 461 645 Est
481 579 603 646 iactura
624 581 740 662 gravis,
765 600 846 665 quae
867 585 953 664 sunt,
968 580 1112 648 amittere
1127 580 1264 648 damnis:

401 680 483 749 Sunt
503 683 667 768 quaedam
690 703 772 768 quae
793 683 876 754 ferre
897 685 987 752 decet
1007 684 1164 768 patienter
1185 683 1328 751 amioum.

295 888 401 942 conant
424 905 526 942 curuum
549 907 605 944 esse
630 892 800 960 depravatum.
835 891 950 946 Arbitror
972 892 1121 960 legendum:
1145 891 1199 943 noli
1222 906 1331 944 moerere
1353 908 1418 958 que-

292 976 370 1028 rendo
394 975 522 1028 Erasmus.
567 975 670 1030 Habere
688 978 839 1030 Arntxenlue
864 979 954 1046 accipit
971 977 1066 1030 salvere
1091 996 1136 1030 seu
1158 977 1256 1029 autrum
1279 985 1302 1028 et
1320 975 1418 1030 iurelu-

292 1076 423 1114 memeue.
458 1061 563 1114 witnot
580 1081 605 1131 p.
624 1065 676 1120 570
694 1067 837 1131 proposuit:

495 1148 595 1218 Ereptie
613 1151 703 1218 opibus
720 1169 772 1204 uon
789 1160 818 1203 tu
835 1160 858 1204 te
876 1151 962 1220 afflige
980 1151 1121 1218 querutum

495 1235 547 1287 Sed
564 1237 646 1302 mutia
663 1238 754 1306 potiub,
772 1239 823 1290 tibi
836 1255 912 1302 quum
931 1237 1052 1305 coutinqit
1068 1239 1169 1292 habere.

361 1320 404 1376 36.
422 1319 511 1374 Maiori
529 1321 630 1375 licentia
646 1321 714 1375 idem
731 1323 868 1376 Witbolius
886 1323 980 1375 ibidem
997 1341 1058 1376 usus
1076 1332 1116 1375 est
1133 1323 1273 1392 corrigens:

496 1409 543 1459 Eat
559 1409 652 1461 iactura
668 1410 759 1478 gravis,
778 1410 893 1476 quaesita
910 1411 1023 1462 amittere
1036 1409 1157 1476 quumvis,

362 1492 427 1545 Sunt
444 1494 566 1560 quaedam
585 1511 648 1562 quae
665 1495 730 1546 ferre
754 1495 825 1546 decet
847 1497 977 1563 patienter,
1001 1511 1099 1545 umora.
1143 1493 1231 1544 “Panto
1254 1500 1338 1544 summ
1360 1510 1419 1561 gra·

295 1579 348 1630 vior
366 1580 469 1642 iactura,
488 1588 581 1648 quanto
599 1581 688 1648 magis,
707 1599 771 1648 quae
789 1565 953 1644 amittuntur,
972 1582 1073 1650 propria
1090 1581 1212 1634 industria
1229 1581 1343 1648 quaesita
1359 1580 1418 1632 lue-

292 1665 365 1716 runt’.
402 1665 454 1718 Seu
471 1667 503 1717 de
521 1666 641 1730 quaesitu
659 1666 747 1731 opibus
765 1683 901 1734 earumque
925 1685 973 1718 usu
990 1685 1040 1720 non
1059 1685 1141 1720 sermo
1159 1675 1198 1719 est
1221 1675 1250 1720 ut
1272 1669 1293 1730 Ι,
1316 1669 1358 1725 24.
1383 1668 1420 1730 11,

294 1753 334 1805 17.
353 1751 397 1813 111,
417 1753 456 1806 21.
477 1753 522 1815 lV,
543 1755 574 1808 16
592 1762 616 1804 et
633 1752 696 1805 Hor.
715 1751 742 1804 S.
761 1755 783 1816 i,
803 1757 826 1816 l,
844 1753 878 1808 38
895 1761 921 1804 et
938 1753 974 1815 11,
993 1755 1017 1818 6,
1036 1754 1078 1808 92.
1097 1753 1182 1804 amice.
1207 1753 1276 1820 quod
1298 1761 1356 1808 vett.
1374 1769 1420 1804 co·

295 1836 362 1888 dices
381 1840 430 1889 mei
449 1839 498 1890 RY
515 1847 617 1892 tuentur
639 1848 665 1892 et
689 1839 764 1893 ‘Coll
782 1841 855 1892 Voss.
873 1839 931 1892 Vet.
956 1841 1020 1908 Reg.
1039 1839 1109 1894 Laid.
1128 1841 1161 1893 Il.
1185 1857 1329 1907 paucaeque
1352 1840 1420 1892 aad.

294 1923 340 1974 sed
357 1925 450 1990 peioris
468 1926 560 1989 notae',
578 1935 652 1994 atque
670 1935 728 1994 poet
744 1925 876 1978 Barthium
893 1927 956 1977 Adv.
975 1925 1111 1988 CXLVIII,
1131 1929 1164 1982 10
1180 1925 1303 1979 Daumius
1321 1929 1418 1996 recepit

293 2025 377 2075 neque
393 2012 521 2062 vocativus
539 2029 595 2064 esse
613 2020 704 2080 potest,
729 2029 804 2080 quem
821 2011 862 2063 illi
880 2011 1013 2078 occipiunt,
1025 2029 1107 2078 neque
1125 2029 1181 2063 cum
1190 2012 1267 2076 serre
1286 2013 1419 2082 coniungi3

295 2112 353 2145 nam
372 2096 450 2149 amice
471 2099 488 2151 i.
512 2098 585 2152 facile
608 2107 634 2151 et
656 2115 736 2166 aequo
759 2099 842 2150 animo
865 2097 929 2148 serre
947 2115 968 2150 s.
986 2097 1040 2164 pati
1061 2097 1147 2150 Latine
1169 2116 1219 2149 non
1237 2099 1335 2150 dicitur.
1354 2099 1421 2152 cous.

294 2177 375 2236 Bentl.
395 2182 428 2234 ed
447 2183 508 2236 Hor.
522 2202 542 2238 c.
554 2185 599 2246 III,
612 2185 637 2247 2,
652 2187 673 2238 1.
686 2183 744 2236 hinc
761 2183 917 2251 inprobanda
934 2181 1034 2234 Malscii
1051 2183 1191 2234 coniectura
1207 2183 1313 2249 patieris
1331 2183 1419 2237 amice.

293 2267 409 2320 Genuina
432 2269 506 2321 lectio
530 2279 568 2322 est
590 2271 697 2323 amicum
721 2269 929 2322 SETHZBKMV
947 2267 1014 2320 Mox.
1031 2267 1095 2320 Vox.
1131 2268 1228 2321 ‘lteirlrl¹
1254 2270 1274 2321 I.
1296 2271 1341 2324 III.
1360 2269 1419 2323 Vct.

292 2352 376 2406 Chart.
401 2355 508 2411 Membr.
532 2357 606 2409 Voss.
629 2363 667 2418 et,
694 2364 722 2409 ut
751 2357 857 2418 videtur,
885 2355 968 2406 uarie.
1010 2352 1064 2406 Neo
1086 2372 1136 2406 non
1160 2353 1238 2408 Edita.
1263 2356 1419 2423 antiquiores

293 2442 397 2493 omnes'.
439 2443 483 2496 Pr.
508 2442 586 2509 (serre
604 2442 735 2509 patienter
757 2442 827 2494 decet
850 2441 967 2507 amicum)
990 2441 1095 2494 Membr.
1118 2441 1174 2497 Ital.
1198 2441 1279 2494 Oaxtt.
1298 2443 1356 2499 861.
1374 2443 1419 2499 83.

208 2521 211 2528 ’
292 2527 372 2580 Veun.
398 2529 499 2584 91.93.
520 2529 594 2585 1658.
630 2529 748 2583 Arntaen.
786 2527 896 2579 Sensus:
925 2529 954 2578 ln
973 2527 1048 2595 'gravi
1071 2529 1194 2579 bonorum
1217 2527 1325 2590 iactura,
1353 2547 1421 2596 quae

291 2615 357 2664 sacta
374 2622 413 2664 est
430 2614 585 2666 detrimentis
603 2615 655 2666 eive
673 2613 870 2676 calamitatibus,
894 2612 1001 2664 amicum
1029 2612 1100 2664 decet
1119 2613 1243 2679 quaedam
1266 2614 1337 2666 ferro.
1375 2614 1421 2665 si-

294 2699 390 2751 militer
409 2700 533 2752 Sturmius
551 2701 665 2768 exponit:
685 2700 775 2751 ‘Amici
793 2717 868 2750 causa
886 2697 983 2764 aliquid
1000 2697 1130 2749 ferendum
1149 2699 1309 2752 detrimenti!
1337 2699 1421 2752 Aliter

292 2784 452 2849 Arntuenius,
472 2787 515 2853 qui
533 2785 632 2836 domnis
650 2787 740 2856 accipit
757 2788 870 2854 positum
897 2803 942 2852 pro
964 2784 1050 2834 mimiie
1068 2785 1263 2854 profusionibus
1285 2801 1317 2836 oc
1340 2787 1421 2854 turpi·

292 2873 409 2934 tionibus,
427 2875 568 2941 explicans:
596 2875 694 2926 ‘Gravis
712 2891 741 2925 ac
758 2875 846 2925 merito
864 2872 973 2924 dolenda
990 2871 1137 2923 Patrimonii
1158 2873 1331 2942 bonorumque
1353 2880 1414 2926 tuo·

292 2977 347 3011 rum
365 2960 458 3011 iactura
475 2969 523 3022 est,
542 2979 617 3027 qnam
636 2962 730 3028 pateris
750 2961 829 3012 stulta
846 2959 995 3026 profusione
1011 2975 1040 3009 ae
1063 2957 1194 3025 largitione
1211 2960 1297 3011 nimia.
1332 2957 1420 3012 Habes

291 3063 388 3108 revera,
407 3046 475 3112 quod
493 3046 580 3098 doleas
598 3047 693 3112 tibique
718 3046 826 3114 inputes.
863 3045 897 3095 At
920 3062 993 3095 versu
1019 3043 1112 3106 altero,
1135 3045 1271 3096 amicorum
1295 3047 1420 3098 rationem
1474 3108 1478 3118 ν

291 3133 395 3197 hebens,
414 3151 464 3185 non
482 3135 537 3185 sine
555 3133 646 3185 iudicio
665 3133 780 3200 subjicit:
800 3131 867 3183 Sumt
886 3129 1019 3195 quaedam,
1038 3146 1104 3194 quae
1114 3133 1189 3197 ferre
1208 3129 1276 3183 decet
1289 3131 1420 3197 patienter

291 3217 409 3279 amicum,
427 3219 443 3270 i.
464 3219 586 3286 quaedam
604 3228 663 3272 suut
680 3221 869 3287 possessionum
885 3227 985 3270 tuarum
1004 3235 1033 3269 ae
1051 3217 1242 3270 commodorum
1258 3218 1369 3270 iacturae
1388 3234 1420 3268 ao

294 3305 385 3355 damna
401 3305 537 3361 ¹amicorum
555 3315 598 3358 aut
615 3307 812 3375 propinquorum
831 3323 908 3358 causa
920 3305 1042 3368 sarienda,
1056 3323 1120 3372 quae
1133 3312 1158 3356 te
1170 3305 1279 3356 amioum
1292 3306 1419 3372 patienter

290 3390 355 3442 serre
373 3391 462 3444 decet’.
500 3392 551 3444 sed
569 3391 665 3442 damma
683 3393 797 3445 absolute
816 3393 880 3444 diota
897 3391 1011 3459 intellige
1029 3389 1124 3440 dommo
1141 3397 1187 3441 out
1199 3389 1349 3440 detrimenta
1363 3388 1419 3444 Cic.

290 3477 352 3546 [teg.
371 3479 391 3541 Ι,
414 3481 453 3556 16,
472 3487 515 3530 aut
531 3478 647 3529 iacturae
664 3487 690 3532 et
713 3479 860 3530 detrimenta
885 3481 923 3529 rei
947 3477 1076 3530 familiaris
1094 3477 1161 3528 Hirt.
1179 3475 1252 3528 Alex.
1275 3476 1316 3532 49.
1351 3473 1419 3528 Nam

290 3562 386 3614 dommo
403 3572 428 3616 et
446 3563 562 3616 iacturae
578 3583 629 3616 non
647 3565 788 3632 significant
814 3565 962 3632 largitiones
980 3562 1020 3616 rel
1040 3581 1143 3615 munera
1164 3571 1208 3614 aut
1231 3569 1346 3629 sumptus
1368 3561 1421 3614 nisi

291 3651 384 3702 additis
403 3658 447 3702 aut
465 3635 680 3718 praecedentibus
691 3652 748 3702 aliis
766 3652 936 3717 substantivis,
954 3661 983 3703 ut
1005 3651 1070 3718 Plin.
1091 3650 1185 3717 Paneg.
1205 3651 1250 3704 12:
1275 3647 1414 3714 accipimus

290 3737 391 3788 obsides
410 3753 485 3804 ergo,
499 3754 550 3788 nen
569 3739 689 3800 emimus,
713 3755 760 3789 neo
782 3735 923 3803 iaqemtibue
947 3736 1049 3788 dammis
1072 3733 1244 3799 immensisque
1268 3733 1418 3785 muneribus

291 3821 446 3888 paciscimur,
465 3831 494 3874 ut
510 3822 660 3875 vicerimus'.
702 3823 732 3873 In
754 3821 838 3874 Plauti
861 3821 916 3873 loco
940 3822 1052 3889 (Trucul.
1072 3821 1104 3883 V,
1131 3821 1189 3887 58):
1217 3819 1318 3872 Stultus
1341 3827 1419 3884 utque

291 3909 398 3958 iocamur
423 3907 525 3959 domnia
548 3917 653 3974 certarit,
676 3925 722 3958 uos
744 3908 828 3959 salutm
851 3925 937 3959 eumue
961 3909 1025 3961 alins
1049 3917 1088 3961 est
1111 3925 1207 3960 sensus.
1244 3906 1316 3958 Caes.
1334 3907 1363 3957 B.
1383 3906 1416 3958 G.

292 3993 403 4055 VI,12:
430 4011 524 4062 eosque
550 3993 582 4046 ad
609 4013 636 4047 se
663 3996 762 4063 magnis
789 3994 897 4045 iacturis
919 3993 1078 4062 infinitisque
1101 3994 1249 4060 sumptibus.
1285 3993 1336 4044 (tio.
1359 3991 1416 4045 Art.
1502 4021 1505 4028 ·

291 4079 335 4142 Vl,
355 4084 383 4136 1:
402 4081 547 4132 exhaustam
565 4099 622 4133 esse
645 4080 785 4146 sumptibus
807 4089 831 4131 et
856 4080 964 4132 iacturis
986 4081 1149 4150 provinciam.
1187 4080 1258 4132 (laea.
1276 4078 1305 4131 Β.
1324 4079 1353 4132 G.
1369 4079 1417 4144 111,

292 4168 360 4221 112:
380 4183 502 4234 quaeres
520 4168 588 4235 apud
605 4167 698 4218 milites
715 4167 864 4233 turpitiouee
883 4168 966 4229 auxit;
985 4169 1084 4236 magnis
1096 4170 1163 4219 enim
1181 4164 1290 4217 iacturis
1308 4165 1417 4232 quisquo

290 4269 377 4303 eorum
394 4252 491 4302 animos
509 4252 664 4303 conciliabat.
699 4249 778 4318 Atqui
795 4253 872 4319 plane
890 4253 1002 4304 diversus
1021 4260 1061 4304 est
1077 4267 1139 4303 usus
1156 4269 1244 4305 vocum
1261 4250 1364 4302 iactura
1389 4257 1417 4303 et

291 4335 392 4388 dammis
409 4337 434 4388 in
447 4345 533 4391 nostro
545 4339 660 4392 disticho.
690 4339 801 4391 Omnino
818 4339 893 4391 etiam
911 4339 1076 4406 vituperanda
1088 4345 1127 4391 est
1138 4338 1220 4394 altera
1231 4337 1328 4392 Bauhii
1339 4337 1415 4391 lectio

199 4422 202 4430 ’
290 4431 316 4480 ct
333 4421 471 4478 distinctio:
