3148 5102
326 1188 628 1346 CATONIS
680 1187 1112 1309 PHILNSOPHI
1154 1187 1348 1306 LIBRI

430 1453 433 1460 ’
630 1409 1032 1545 1111111011.

667 1794 799 1885 IIBlllt
825 1793 1004 1890 PRIMVS.

715 2031 868 2112 (Disticha
889 2035 954 2115 40.)

379 2211 404 2269 1.
439 2205 472 2270 Si
494 2207 579 2270 Deus
603 2210 652 2271 est
673 2205 805 2281 animno,
832 2205 921 2270 uobis
944 2207 980 2268 ut
1002 2203 1139 2269 carmina
1161 2204 1278 2285 dicunt,

439 2308 499 2374 Hic
521 2309 578 2374 tibi
600 2309 767 2390 praecipue
789 2308 830 2372 sit
851 2327 930 2388 pura
953 2313 1056 2372 mente
1078 2307 1235 2372 colendus,

273 2461 398 2513 INCIPIT
425 2463 527 2514 LIBER
554 2462 682 2514 PRIMVS
706 2461 825 2528 erubrl.
861 2459 1029 2515 EXPLICIT.
1054 2459 1179 2512 INCIPIT
1202 2460 1303 2513 maun
1324 2462 1396 2514 PRI-

273 2547 343 2598 MVS
363 2547 389 2602 S.
420 2548 545 2602 INCIPIT
564 2549 665 2600 LIBER
684 2547 830 2599 CATONIS
850 2547 978 2598 PRIMVS
997 2547 1029 2598 Η.
1060 2548 1149 2614 Incipit
1166 2565 1224 2614 pars
1242 2548 1322 2614 prima
1339 2567 1395 2599 me-

272 2635 364 2685 tricalis
382 2634 423 2688 Pr.
992 2649 995 2653 '

336 2721 363 2772 i.
390 2719 445 2770 Hoc
462 2728 622 2786 praeceptum
641 2720 677 2771 sic
693 2726 794 2770 tuentur
811 2718 883 2773 codd.
902 2737 988 2771 omues
1008 2727 1033 2770 et
1051 2719 1108 2772 edd.
1139 2721 1196 2771 Vna
1213 2719 1281 2770 Nlor.
1301 2719 1394 2771 dictiu-

272 2805 325 2871 guit
341 2805 428 2865 ncrbia,
454 2813 482 2855 ut
500 2822 519 2855 c.
538 2805 577 2867 d.‚
605 2813 633 2855 ut
653 2804 703 2855 iam
721 2805 756 2856 Ιο.
775 2803 862 2856 Fidler
879 2804 999 2864 coniecit,
1021 2813 1085 2856 teste
1104 2805 1246 2856 Arutzenio.
1283 2805 1394 2856 Sensus:

273 2891 342 2941 Deus
362 2899 400 2942 est
416 2909 497 2954 meus,
524 2909 587 2958 pura
605 2909 690 2952 mens,
709 2908 768 2958 ergo
786 2907 836 2942 uon
854 2891 924 2957 puris
943 2891 1025 2944 solum
1044 2892 1160 2942 manibus
1188 2891 1284 2960 (Plaut.
1303 2891 1396 2958 Amph.

273 2977 303 3037 v,
325 2981 347 3037 r,
366 2965 407 3031 tr.
446 2977 519 3028 oca
538 2977 572 3030 u.
591 2977 636 3038 rx,
656 2977 717 3042 τοι)
736 2977 781 3028 seu
800 2985 962 3044 puramente
981 2977 1109 3028 colendus.
1146 2977 1220 3041 ouon
1238 2977 1337 3044 opacus
1355 2977 1396 3029 u-

272 3063 350 3114 sticho
370 3064 483 3115 inclusit:

476 3149 589 3211 Quodsi
609 3167 672 3216 pura
689 3148 759 3200 Deus
778 3166 848 3200 mena
867 3157 913 3212 ost,
932 3158 960 3201 ιιι
978 3151 1086 3202 carmina
1104 3150 1197 3212 dicunt,

475 3235 523 3286 Illa
540 3235 585 3286 tibi
603 3251 666 3302 pura
684 3243 767 3286 mente
786 3234 905 3286 colendus
925 3236 978 3289 erit.

340 3339 480 3391 Planudes:
500 3335 532 3390 Et
550 3339 564 3389 ὁ
584 3337 652 3397 θεὸς
670 3339 731 3397 νόος
749 3335 819 3402 ἔσθ’,
839 3337 877 3396 ὡς
895 3341 933 3389 τῶ
952 3337 1047 3407 λογίων
1067 3338 1238 3402 occiduam,

501 3421 554 3476 Καὶ
572 3425 687 3495 καθαρῷ
706 3424 748 3475 νοΐ
763 3425 842 3476 τόνδε
861 3423 945 3490 σέβου
963 3425 1098 3495 περιώσια
1116 3425 1234 3477 πάντων.

273 3530 337 3580 Cum
354 3529 473 3580 articulus
492 3529 518 3580 iu
536 3531 637 3580 nomine
657 3529 703 3580 Dei
722 3533 818 3580 otiosus
837 3530 877 3590 sit,
897 3529 1009 3596 Scaliger
1020 3530 1043 3580 r.
1065 3534 1077 3585 l
1102 3531 1138 3582 ita
1155 3530 1250 3582 reddit:
1276 3523 1314 3578 Εἴ
1330 3525 1400 3585 θεὸς

274 3613 332 3665 ἔστι
351 3617 414 3672 νοῦς
426 3613 464 3672 ὡς
475 3614 603 3681 θέσφατα
618 3612 684 3683 φησὶ
701 3613 830 3678 παλαίων,
849 3624 873 3666 et
891 3625 976 3667 contra
989 3617 1038 3667 duo
1052 3625 1161 3668 extrema
1172 3617 1248 3668 verba
1260 3617 1296 3666 sic
1308 3615 1398 3682 dispu-

272 3709 319 3752 tat:
336 3697 431 3762 ‘Quaai
449 3701 621 3768 Gnourologus
640 3701 803 3762 intellexerit,
821 3700 903 3752 Deum
921 3703 1103 3766 supranotato
1115 3702 1261 3753 colendum:
1281 3701 1350 3767 quod
1361 3712 1400 3752 eat

273 3788 464 3852 ineptissimum.
501 3785 589 3852 Neque
613 3788 660 3838 hoc
683 3788 762 3838 voluit
788 3790 896 3840 Auctor:
922 3789 968 3839 sed
986 3789 1045 3854 quia
1062 3805 1132 3839 mens
1151 3795 1190 3838 est
1205 3786 1291 3848 Deua,
1316 3796 1399 3838 mente

219 3926 222 3932 ,
273 3873 406 3922 colendum
425 3891 495 3924 esec:
516 3890 579 3938 quae
598 3881 636 3924 eat
654 3875 754 3924 omniuo
772 3874 874 3924 Domini
892 3875 969 3926 nostri
989 3875 1127 3925 Servatorie
1139 3874 1261 3924 sententia
1273 3874 1343 3940 (Joh.
1354 3871 1398 3932 IV,

273 3958 329 4022 2⁴0:
348 3955 457 4020 Πνεῦμα
475 3959 489 4008 ὁ
511 3955 587 4022 θεὸς,
606 3957 650 4008 καὶ
667 3957 732 4016 τοὺς
749 3963 970 4027 προσκυνοῦντας
988 3933 1069 4009 corda
1084 3957 1113 4008 ἐν
1126 3956 1260 4021 πνεύματι
1277 3956 1321 4008 καὶ
1339 3956 1398 4025 ἀλη-

272 4042 337 4096 θεία
355 4043 400 4093 δεῖ
414 4045 585 4112 προσκυνεῖν.
621 4045 709 4111 Itaque
726 4045 837 4096 Planudi
855 4047 974 4113 imposuit
991 4047 1149 4097 commutatio
1168 4063 1256 4098 vocum
1278 4043 1358 4094 citimi
1375 4052 1401 4094 et

272 4129 377 4193 meato,
406 4148 471 4197 quae
494 4148 538 4198 pro
563 4131 651 4183 eodem
674 4133 759 4198 posuit
782 4134 890 4193 Auctor,
920 4150 1011 4198 quum,
1034 4150 1089 4183 meo
1114 4133 1219 4192 iudicio,
1247 4131 1337 4182 clarius
1365 4129 1401 4180 ita

292 4219 297 4230 '
317 4217 323 4228 '
352 4225 388 4268 et:

273 4217 350 4268 dum
479 4285 506 4337 Si
524 4286 593 4337 Deus
611 4286 775 4351 antonimus,
794 4287 866 4338 uobis
885 4295 913 4337 ut
931 4287 1040 4338 carmina
1057 4287 1150 4349 dicunt,

477 4371 550 4437 Erqo
569 4371 648 4422 ocimi
664 4389 734 4436 paca
752 4371 798 4422 aba·
816 4373 848 4424 sit
866 4389 965 4438 quoque
983 4381 1066 4424 mente
1084 4372 1213 4425 colendus.

274 4456 327 4510 Sed
345 4458 496 4510 monostIchi
514 4467 565 4508 erat
584 4461 716 4520 sententia,
735 4475 785 4510 non
804 4458 915 4509 distichi:
1006 4495 1008 4500 ,
