3148 5102
663 461 765 518 LIBER
784 463 803 518 l.

253 623 282 684 8.
316 618 369 686 Nil
390 623 509 688 temere
530 619 620 686 uxori
642 619 681 686 de
703 619 802 686 servis
826 619 919 685 crede
940 619 1097 700 querenti:

319 721 419 806 Saepe
441 723 556 794 etenim
577 723 698 804 mulier,
721 741 815 804 quem
836 723 968 788 coniunx
991 721 1100 804 diligit,
1124 721 1199 789 odit.
1283 764 1285 770 -

188 865 192 871 -
254 829 282 890 9.
318 823 398 892 (lum
419 844 546 893 moneas
568 825 714 910 aliquem,
733 844 793 892 nec
815 844 849 892 se
871 823 947 893 velit
967 824 1020 892 ille
1041 827 1173 910 moneri,

318 927 352 996 Si
374 930 431 997 tibi
453 931 496 996 sit
518 947 620 1012 carue,
643 929 706 996 noli
728 929 880 996 desistere
902 929 1029 1012 coeptis.

185 1089 305 1152 tempore.
341 1085 419 1138 Porro
437 1099 523 1137 versus
542 1084 673 1147 constabit,
692 1084 811 1152 allegas:
830 1084 953 1137 Constans
972 1091 996 1136 et
1012 1083 1080 1148 deuio,
1099 1091 1130 1138 ut
1141 1101 1182 1137 res
1201 1099 1308 1149 curaque

188 1169 342 1237 expostulat,
361 1178 423 1225 esto.
459 1169 549 1238 Neque
571 1171 682 1222 dubitem
707 1169 832 1223 affirmare
849 1171 914 1223 banc
930 1189 1073 1240 germanam
1091 1189 1148 1224 esee
1164 1171 1312 1224 lectionem:

185 1257 287 1308 tametsi
306 1257 437 1310 Planudes
462 1257 572 1325 priorem
595 1257 708 1324 sequitur
732 1257 894 1320 sententiam,
919 1258 1013 1325 quippe
1037 1259 1079 1326 qui
1102 1261 1178 1310 vertit
1199 1259 1225 1310 in
1245 1258 1313 1310 hunc

185 1342 303 1417 modum:
332 1343 438 1396 Severus
456 1351 510 1396 esto
527 1361 556 1396 ac
573 1343 699 1411 placidus,
718 1351 792 1410 prout
808 1362 849 1396 res
866 1341 1009 1410 postulant'.
1038 1344 1179 1396 Planudee:
1207 1339 1310 1413 Εμβρι-

185 1427 241 1498 θὴς
267 1425 314 1479 ἔσο
332 1427 377 1480 καὶ
403 1426 508 1498 πραΰς,
527 1426 601 1497 ὅσγε
628 1428 663 1480 τὰ
688 1429 838 1499 πράγματα
864 1429 982 1481 ἀπαιτεῖ·
1019 1430 1145 1500 Scaliger:
1161 1426 1216 1489 ‘uc
1233 1428 1312 1498 λόγος

186 1513 305 1583 αἱρῆται,
327 1513 428 1578 σεμνὸς
446 1517 537 1583 γενοῦ,
556 1514 604 1584 ἠδὲ
616 1515 757 1586 προσηνής
769 1525 815 1568 etc.
842 1517 978 1569 Daumius:
995 1514 1125 1571 ‘Erasmus
1138 1524 1163 1570 et
1175 1517 1311 1569 Goldastus

185 1602 219 1656 ad
237 1601 387 1658 columban.
411 1621 436 1670 p.
457 1603 508 1658 1182
528 1602 617 1670 legunt
639 1604 712 1666 leuis,
736 1611 807 1656 utet
830 1605 973 1658 Ascensius.
1012 1605 1063 1657 Sed
1086 1604 1235 1672 expositioni
1256 1603 1311 1654 eius
1407 1656 1413 1680 ι

185 1688 301 1758 syllabae
322 1689 440 1741 modulus
458 1697 596 1757 repugnat,
620 1689 668 1741 nisi
686 1690 761 1754 leuis,
785 1689 900 1748 lubricus
919 1691 1043 1759 capiatur,
1067 1687 1147 1749 λεῖοςζ
1187 1688 1311 1742 Comicus

186 1783 223 1826 eat
235 1775 365 1842 pertinace
382 1793 413 1826 cc
430 1775 538 1842 rigidus.
556 1795 579 1830 v.
599 1777 702 1830 Gerard.
720 1777 840 1829 Vossium
857 1780 944 1844 p.105
962 1780 994 1830 ad
1006 1778 1072 1830 vell.
1084 1777 1181 1830 Patere.
1193 1777 1311 1830 Amtaen.

185 1862 274 1915 refert:
294 1860 375 1914 ‘Nihil
398 1863 488 1913 iterum
512 1867 610 1915 mutant
633 1863 711 1914 Oodd.
736 1871 761 1915 et
784 1861 869 1915 Editt.²
908 1864 1014 1932 Propter
1031 1883 1160 1917 caesuram
1177 1863 1309 1932 proposuit

185 1949 290 2010 Withof.
308 1969 333 2018 p.
352 1950 416 2006 542:
436 1949 520 2001 Consi.
539 1957 564 2001 et
581 1949 655 2013 leuis,
673 1949 739 2000 sicut
755 1968 795 2002 res
814 1950 936 2017 postulat,
956 1959 1017 2002 esto.
1049 1949 1172 2003 ‘Verbum
1190 1958 1310 2016 expostu-

85 2045 94 2051 ”
185 2039 224 2090 lat
241 2054 329 2105 parum
347 2037 461 2090 convenit
477 2036 535 2088 huic
552 2036 622 2098 laco,
647 2054 703 2088 cum
719 2037 832 2100 postulat
854 2037 934 2104 magis
953 2037 1042 2089 Latine
1060 2037 1194 2089 dicendum
1211 2037 1310 2099 fuisset,

185 2123 461 2176 utAuctort'ecitalibi
477 2123 511 2184 ΙΙ,
529 2121 558 2178 5:
583 2139 639 2173 cum
657 2131 753 2187 tempus
768 2123 885 2186 postulat
902 2131 948 2174 aut
965 2139 1019 2185 νοις
1044 2123 1106 2176 item
1122 2125 1155 2186 M,
1174 2126 1197 2182 8.
1216 2125 1261 2189 IV,
1281 2125 1310 2177 2:

187 2209 257 2274 quod
272 2211 386 2274 postulat
403 2226 473 2261 usuc.
500 2209 567 2261 Huic
584 2209 705 2260 laudabili
724 2211 879 2260 coniecturae
898 2210 1013 2262 addenda
1031 2219 1069 2262 est
1087 2211 1227 2262 emendatio
1241 2209 1311 2263 Sori-

185 2297 238 2350 veri
257 2315 332 2368 quam
349 2297 444 2364 recepit
461 2296 487 2347 in
505 2296 636 2351 ed.1ss48:
656 2295 691 2344 Er
708 2295 769 2346 levis
786 2303 810 2346 et
828 2304 954 2358 coartans,
972 2305 1001 2348 ut
1018 2313 1058 2348 res
1077 2298 1227 2364 expostulat,
1245 2303 1309 2360 esto,

186 2400 253 2450 quae
270 2400 315 2450 per
335 2383 486 2450 duplicatam
503 2381 652 2449 perticulam
670 2389 693 2430 et
710 2388 785 2448 atque
803 2399 850 2449 per
870 2383 1000 2434 meliorem
1019 2383 1203 2450 oppositionem
1221 2399 1311 2434 vocum

186 2476 305 2520 οοιιιτοιιι
328 2476 353 2520 et
378 2467 439 2519 tais
461 2468 533 2520 valde
554 2484 582 2519 se
602 2467 766 2520 commendat.
792 2485 838 2519 eeu
855 2486 902 2536 pro
918 2477 948 2520 ut
973 2470 1012 2522 ed.
1037 2469 1101 2522 Ven.
1120 2472 1162 2525 93.
1179 2469 1268 2522 Wach.
1287 2475 1312 2520 ct

187 2553 325 2608 Burmann.
344 2553 377 2606 ad
393 2554 472 2607 Rutil.
490 2555 547 2606 Itin.
565 2555 586 2616 1,
604 2555 662 2609 589.

257 2644 280 2699 8.
307 2642 379 2694 Nihil
396 2641 468 2694 Laid.
487 2641 520 2692 11.
539 2641 630 2692 mulier
648 2639 809 2709 παράκοιτις
829 2642 970 2709 Planndes,
995 2640 1161 2711 σύλλεκτρος
1186 2641 1310 2710 Scaliger:

186 2747 260 2798 quem
279 2729 392 2781 couiuur
410 2728 496 2797 diligit
514 2725 544 2776 ὃν
563 2724 634 2796 ἀνὴρ
652 2725 749 2794 φίλατο
773 2728 893 2797 Scaliger.
913 2728 945 2780 τὸ
961 2728 1040 2787 πόσις
1062 2727 1148 2796 φιλέει
1172 2729 1309 2790 Planudes‚

185 2835 201 2868 a
219 2816 360 2869 masculino
378 2817 422 2884 qui
439 2815 471 2868 ad
489 2821 606 2866 neutrum
623 2814 728 2869 transiit.
754 2815 864 2867 coniunx
881 2814 970 2867 Rrec
994 2817 1037 2866 Pr.
1062 2815 1167 2894 Membr.
1186 2815 1249 2866 Ven.
1269 2815 1312 2868 91.

186 2902 255 2955 Caxt.
274 2904 333 2958 861.
351 2903 422 2954 Leid.
441 2903 486 2954 III.
504 2900 570 2970 Aug.
588 2901 663 2954 Vind.
682 2901 791 2954 Euchar.
809 2903 890 2954 Paris.
910 2903 992 2954 Prem.
1006 2901 1110 2954 Ohouet.
1123 2902 1196 2952 Fran.
1212 2900 1309 2950 birram.
1332 2913 1336 2921 “

186 2989 282 3058 Grypb.
301 2989 377 3042 Boill.
396 2988 470 3040 eost.
490 2987 563 3040 Oruc.
581 2987 614 3040 al.
632 2989 696 3039 conf.
714 2988 759 3053 IV,
772 2991 813 3044 47.
845 2983 918 3040 Nunc
929 2989 962 3040 de
973 2989 1067 3040 femina
1079 2987 1132 3038 Cic.
1146 2986 1220 3040 Catil.
1230 2985 1275 3048 IV,
1285 2987 1310 3038 9.

186 3075 259 3127 Ouid.
278 3075 313 3127 M.
331 3075 365 3138 X,
382 3076 441 3130 437.
469 3075 544 3144 Verg.
563 3075 608 3138 III,
626 3075 687 3138 317,
705 3092 771 3128 nunc
789 3076 820 3128 de
838 3076 890 3128 viro
908 3075 980 3128 Ouid.
999 3075 1028 3126 P.
1046 3075 1091 3137 111,
1111 3078 1134 3137 1,
1155 3075 1211 3129 106.
1248 3072 1310 3124 Aen.

184 3161 231 3224 VI,
249 3162 300 3217 473
317 3169 458 3230 usurpatur.
626 3229 631 3232 ᾖ

253 3251 277 3304 9.
308 3246 370 3300 Cum
393 3265 497 3300 monaca
521 3247 565 3300 SV
587 3249 629 3300 Pr.
652 3249 707 3302 Ital.
742 3249 806 3300 (ium
823 3240 913 3300 moneri
939 3248 965 3298 H
985 3250 1007 3303 l.
1026 3267 1059 3300 m.
1084 3246 1191 3298 Plurimi
1207 3245 1266 3296 libri
1283 3253 1308 3296 et

184 3333 262 3388 MSS.
282 3344 307 3388 et
324 3335 389 3388 Edd.
407 3336 501 3388 habent
517 3335 630 3400 Cumque
648 3351 733 3388 moneo
750 3335 988 3388 uHYuqussru
1001 3335 1029 3386 M
1040 3335 1115 3400 Digb.
1129 3334 1186 3387 328.
1205 3331 1310 3384 Membr.

185 3421 256 3477 Cart.
274 3423 314 3478 83.
342 3421 460 3475 Amtaen.
484 3440 541 3475 cum
568 3423 683 3474 omnibus
711 3423 763 3474 suis
789 3422 865 3473 MSS.
889 3429 914 3472 et
936 3421 1002 3472 Edd.
1026 3420 1104 3472 Euch.
1127 3418 1207 3470 Paris.
1226 3416 1308 3468 Pulm.

185 3509 268 3561 Mrem.
287 3508 391 3562 Gbeuet.
410 3510 477 3561 Mor.
497 3507 571 3561 Boill.
591 3507 663 3561 Oruc.
701 3506 833 3574 Quumque
856 3508 923 3574 Aug.
943 3507 1018 3558 vind.
1037 3506 1101 3557 Van.
1120 3504 1163 3558 93.
1203 3500 1310 3568 Ouaque

185 3595 246 3648 Bas.
265 3596 329 3648 Van.
348 3598 389 3652 91.
408 3597 504 3648 Eresm.
524 3597 619 3663 (tryph.
650 3595 680 3646 ui
698 3613 800 3647 moneas
813 3594 887 3646 (iord.
901 3593 984 3644 Pulm.
1012 3591 1122 3648 Quaado
1140 3607 1227 3642 mones
1246 3589 1308 3640 Sca-

179 3668 249 3750 'liger
267 3699 325 3735 cum
345 3679 506 3750 ‘quibusdam
530 3679 630 3743 (lodu',
655 3699 729 3748 quem
753 3688 853 3734 secutus
876 3688 915 3732 est
938 3679 1089 3741 Scriverius,
1114 3680 1157 3745 qui
1175 3685 1258 3728 tamen
1276 3677 1309 3727 ad

183 3768 294 3822 Murtial.
312 3769 398 3836 Epigr.
417 3767 476 3820 LXI
494 3787 519 3836 p.
538 3768 588 3825 203
608 3765 742 3831 Quumque
759 3775 842 3819 tuetur
860 3784 987 3834 exponens
1005 3765 1031 3816 id
1047 3783 1092 3831 per
1105 3763 1196 3820 Quum.
1226 3763 1309 3814 ‘Hanc

183 3862 268 3908 autem
286 3868 430 3923 perversam
448 3854 524 3906 Oodd.
546 3853 770 3920 nonnullorum(l)
793 3853 940 3915 lectionem,
960 3853 1041 3920 inquit
1058 3853 1191 3913 Amicam,
1213 3850 1310 3916 pulcra,

183 3941 206 3994 si
223 3941 270 3993 Dis
287 3941 384 4008 placet,
406 3930 502 3992 ratione
526 3940 637 3992 defendit
659 3940 783 3992 Malchius
810 3941 836 3990 in
854 3957 901 3991 sua
923 3940 1005 3992 Praei.
1040 3937 1196 4000 Manifesta,
1220 3937 1308 4004 inquit,

182 4027 292 4090 ratiom,
310 4043 367 4078 cam
384 4041 465 4090 aeque
482 4043 591 4090 usquam
608 4025 671 4078 aditi
694 4025 746 4076 duo
770 4024 877 4077 iudicem
895 4025 1015 4076 Disticha
1034 4022 1198 4075 commeruerit
1215 4030 1309 4085 uester,

183 4113 455 4179 climactericas,
477 4130 529 4165 aeae
548 4113 618 4164 birros
641 4105 768 4176 icariao'e,
792 4130 845 4164 acu
869 4109 1021 4178 quateraoe’.
1059 4110 1192 4163 Manifesta
1214 4109 1310 4160 seilicet

183 4199 250 4252 male
266 4201 378 4262 ratione,
396 4216 453 4252 cum
469 4202 593 4267 receperit
614 4215 720 4264 cumque
737 4217 782 4267 pro
801 4216 871 4263 cum,
895 4216 946 4250 non
963 4215 1009 4264 pro
1033 4196 1244 4262 quandocumque
1250 4232 1258 4256 ,
1282 4201 1311 4246 ut

183 4286 300 4338 Arntcen.
317 4285 378 4338 fecit
401 4304 457 4339 cum
482 4287 611 4340 Torrentio
635 4287 667 4338 ad
690 4285 961 4348 Hor.o.1,3a‚'15‚
985 4292 1119 4353 postquam
1144 4284 1310 4334 coniecturam

183 4391 255 4428 suam
279 4371 391 4439 Quisque
414 4389 498 4426 moues
521 4375 658 4439 abiecerat,
684 4374 776 4426 dictum
799 4391 844 4440 pro
864 4371 1036 4435 Quicumque,
1059 4370 1128 4437 quod
1146 4372 1201 4436 ipse
1217 4367 1310 4420 falsum

182 4459 276 4513 iudicet
291 4459 389 4512 dicens:
405 4456 473 4512 ‘cum
491 4460 585 4515 Auctor
603 4469 687 4514 noster
704 4477 830 4528 nusquam
849 4459 884 4510 ita
900 4459 1027 4524 loquatur,
1045 4463 1073 4508 ut
1084 4456 1116 4507 ad
1128 4470 1309 4523 quoscumque,

234 4563 356 4608 armano,
371 4564 442 4598 aare.
1090 4546 1107 4598 4
