3170 5090
586 1380 719 1470 LIBER
746 1377 966 1485 QVARTVS.

659 1549 813 1631 (Disticha
834 1551 899 1632 49).
1007 1612 1009 1618 .

672 1738 777 1779 Securum
791 1739 921 1788 quicumque
935 1739 997 1787 cupis
1011 1738 1133 1788 perducere
1146 1739 1226 1788 vilem,

670 1807 717 1847 Nec
730 1807 794 1848 vrurs
807 1807 902 1846 heerere
916 1806 1021 1855 animum,
1036 1815 1093 1855 quse
1106 1807 1204 1846 moritus
1218 1807 1306 1857 obsunt,

671 1875 733 1915 Haec
747 1877 867 1925 praecepto
883 1875 925 1914 tibi
939 1885 1026 1924 semper
1039 1874 1161 1924 relegente
1173 1877 1295 1916 memento:

671 1946 778 1985 Invenies
789 1943 883 2000 simule,
898 1955 940 1994 que
954 1947 1003 1984 tute
1016 1946 1080 2008 utere
1095 1946 1210 1994 magistro.

211 2135 370 2188 EXPLICIT
394 2133 495 2186 LIBER
517 2135 673 2188 onerive.
696 2133 823 2186 INCIPIT
845 2135 947 2188 LIBER
965 2135 1134 2198 QVARTVS.
1160 2136 1186 2188 S.
1205 2117 1337 2188 exenio.
1448 2135 1449 2144 ’

200 2208 479 2277 ·L113.111.1N01P1r
500 2221 669 2284 QVARTVS.
688 2221 717 2274 u.
734 2220 859 2272 INCIPIT
878 2221 980 2272 LIBER
998 2221 1166 2284 QVARTVS.
1183 2221 1262 2272 YHE.
1294 2221 1337 2272 In·

210 2309 271 2376 cipit
288 2317 378 2376 quarta
395 2325 452 2374 pers
471 2307 605 2358 metriculis
623 2307 664 2360 Pr.
798 2361 803 2374 ,

281 2397 302 2451 l.
329 2393 470 2458 perducere
493 2393 631 2445 RYSE'IV
655 2393 729 2444 Vniv.
742 2394 817 2444 Iler.
836 2393 915 2445 Rawl.
933 2393 966 2448 58
985 2393 1073 2444 Leidd.
1091 2393 1153 2444 1.11
1176 2393 1232 2444 Vet.
1252 2393 1337 2444 Chert.

214 2479 278 2532 Ooll.
297 2479 371 2531 Voss.
390 2479 472 2532 Turio.
494 2478 613 2546 Scaliger.
638 2479 754 2530 Arnteen.
780 2479 842 2530 conf.
864 2479 930 2531 Plin.
952 2477 1046 2540 XXIX,
1067 2481 1095 2532 l:
1121 2478 1154 2529 ed
1176 2478 1277 2544 longam
1296 2497 1338 2530 se-

211 2557 317 2617 nectum.
353 2565 403 2619 cte.
425 2565 483 2618 Seu.
506 2567 550 2620 II:
576 2565 608 2615 ed
631 2564 795 2616 centesimum
814 2581 918 2616 annum.
952 2564 1026 2616 Tunc.
1044 2564 1089 2624 IV,
1108 2565 1154 2618 33:
1174 2564 1206 2614 ed
1224 2572 1338 2617 mortem.

209 2651 262 2704 Ins.
279 2651 312 2714 11,
331 2651 378 2706 56:
397 2651 430 2702 ad
447 2653 549 2702 exitum.
585 2649 656 2700 anr.
675 2651 707 2711 II,
728 2654 807 2706 1116:
827 2652 859 2702 ed
876 2652 961 2702 finem.
999 2650 1069 2701 Caes.
1089 2648 1117 2700 B.
1137 2651 1167 2701 G.
1188 2651 1220 2711 V,
1239 2651 1286 2706 31:
1306 2653 1339 2702 ed

209 2737 318 2788 mediam
336 2745 442 2788 noctem.
457 2737 599 2804 producere
618 2737 648 2787 V.
667 2737 731 2789 Ven.
750 2739 791 2792 91.
818 2738 952 2789 traducere
967 2733 1042 2804 Ἀιις.
1061 2735 1137 2786 vind.
1155 2737 1235 2790 Euch.
1255 2737 1339 2789 Trem.

213 2823 300 2874 Pulm.
319 2824 399 2874 Paris.
419 2823 524 2876 Oheuct.
543 2823 641 2875 Essem.
660 2823 758 2890 Grypbt
779 2823 852 2874 Cerd.
874 2825 948 2876 Cruc.
966 2825 1058 2876 Deum.
1073 2823 1177 2874 Withof.
1196 2841 1220 2891 p·
1239 2823 1287 2880 561
1310 2843 1340 2875 ex
1424 2833 1431 2846 ·

211 2910 274 2960 Her.
293 2909 322 2959 E.
341 2911 364 2974 Ι,
384 2911 425 2970 18,
441 2912 483 2964 97.
502 2908 625 2959 deducere
643 2908 766 2960 HDFKM
783 2910 839 2961 Itel.
858 2919 905 2964 eto.
922 2919 948 2962 et
971 2911 1038 2962 ‘Vet-
1055 2909 1117 2976 Reg.
1137 2911 1242 2962 Membr.
1262 2911 1337 2962 Voss.

209 2995 280 3046 Leid·
299 2995 350 3057 ΠΙ,
370 2997 438 3064 quod
455 2995 593 3046 nonnullae
611 2993 675 3045 Ede.
695 3003 847 3062 sequuntur,
873 2997 982 3064 exeeptis
1000 2995 1067 3048 Fler.
1092 3003 1117 3048 et
1134 2995 1219 3049 Beill.'
1254 2997 1292 3048 Its
1314 3004 1360 3048 et¹

213 3081 318 3136 Seriver.
330 3083 430 3133 'animos
446 3081 565 3132 Arnteen.
585 3081 600 3133 i.
620 3081 733 3142 consilis,
751 3083 890 3149 preposite,
905 3081 1068 3149 cupiditates,
1087 3097 1117 3132 cx
1134 3080 1205 3133 Leid.
1224 3082 1255 3134 II.
1274 3081 1339 3134 0011.
1438 3145 1442 3152 ι

210 3165 284 3218 Voss.
303 3167 408 3229 Vetere,
435 3169 498 3234 Reg.
526 3165 609 3218 Turio.
637 3166 681 3232 qui
707 3184 768 3218 mor.
794 3167 878 3219 obsint
896 3168 987 3219 3er
1013 3167 1075 3218 Rex.
1104 3165 1150 3234 qui
1167 3183 1228 3219 mor.
1247 3168 1341 3220 obsunt

214 3253 332 3304 Arntcen.
351 3256 445 3304 animos
464 3267 529 3317 quae
546 3251 617 3303 Leid.
636 3254 656 3304 I.
674 3253 729 3307 rell.
746 3252 866 3314 animum,
892 3269 957 3320 quoe
975 3271 1036 3304 mor.
1056 3255 1158 3306 obsunt.
1176 3253 1264 3304 lohere
1281 3253 1339 3320 (sic)

212 3337 256 3392 Pr.
274 3338 392 3402 inherere
410 3339 468 3390 Bas.
486 3337 567 3404 Neep.
604 3337 660 3388 Hee
677 3339 746 3390 viciis
764 3339 848 3391 iherei
865 3339 921 3392 Itel.
949 3338 1004 3388 Hoc
1022 3355 1053 3389 ex
1070 3341 1171 3407 subseq.
1190 3357 1214 3390 v.
1233 3339 1256 3393 3.
1270 3347 1338 3390 uen-

173 3427 179 3438 ‘
214 3424 264 3474 siit.
282 3441 381 3491 semper
399 3423 506 3489 leyeoelo
529 3423 612 3477 Ruwl.
638 3427 679 3480 60.
705 3423 770 3476 coll.
788 3414 861 3475 Voss:
880 3423 953 3475 Leid.
971 3424 991 3475 I.
1017 3424 1042 3490 (a
1064 3443 1139 3477 manu
1163 3424 1339 3490 emendatriee)

214 3510 286 3561 Leid.
303 3509 338 3560 ΙΙ.
357 3509 439 3561 'Iunio
459 3507 593 3576 relegendo
610 3510 668 3565 398.
688 3509 818 3576 religenda
835 3509 914 3560 Rewl.
932 3509 973 3564 592
992 3509 1048 3560 rell.
1066 3511 1208 3576 relepertdo.

283 3599 308 3651 4.
336 3596 403 3660 qood
421 3604 444 3647 te
461 3595 544 3646 vitare
561 3593 681 3662 magistro
699 3595 931 3647 RYSEBDFKVX
947 3594 1020 3651 Vniv.
1039 3595 1113 3663 Digb.
1126 3598 1184 3652 328.
1203 3597 1243 3648 Pr.
1257 3597 1338 3649 Venn.

214 3685 255 3738 91.
274 3684 315 3738 93.
335 3681 425 3750 qnodte
443 3682 524 3733 vitare
542 3683 661 3749 magistre
682 3688 717 3747 (te
735 3700 750 3732 s
767 3683 792 3736 2.
805 3685 850 3746 m.)
868 3680 937 3739 Leid.
955 3682 973 3732 I.
995 3689 1027 3742 et,
1045 3682 1152 3734 Daumio
1171 3689 1243 3746 teste,
1262 3682 1336 3734 ‘redu

213 3768 284 3835 Lips.
302 3768 357 3822 eol.
375 3767 433 3830 Asc.
451 3769 538 3820 Branti
556 3768 610 3820 ete)
648 3765 723 3824 Queri
747 3768 813 3819 idem
836 3767 926 3818 Duum.
945 3766 1020 3818 refert
1038 3769 1261 3836 ‘Glessographus:
1282 3785 1337 3818 me-

213 3854 290 3919 pietro
307 3854 323 3905 i.
342 3854 416 3906 doceo
439 3855 505 3920 (MS.
530 3854 642 3906 Reinesii
664 3854 763 3904 inserit:
787 3871 852 3920 quae
875 3853 951 3904 vitare
976 3852 1063 3919 decet).
1100 3857 1157 3921 ipse
1180 3854 1246 3904 enim
1275 3855 1339 3905 Cato

216 3939 287 3991 docet
305 3947 330 3990 et
347 3940 494 4005 praescribit
511 3940 625 4001 vitanda,
653 3957 716 4006 quae
735 3940 827 3990 obsunt
848 3939 967 3991 moribus'
977 3976 984 4001 ‚
1007 3939 1054 3990 hec
1072 3940 1231 3990 confirmatur
1254 3940 1339 3992 codice

216 4041 271 4075 mee
289 4023 319 4085 B,
339 4024 381 4090 qui
398 4025 443 4074 has
469 4025 567 4075 exhibet
590 4024 702 4092 glossas:
727 4023 795 4075 ‘laec
815 4033 955 4089 praecepte
978 4041 999 4075 s.
1017 4043 1079 4078 mea.
1098 4025 1210 4077 invenies
1228 4026 1338 4092 aliquid.

215 4109 242 4160 iu
259 4111 298 4160 hie
316 4109 462 4176 praeceptis.
483 4111 558 4174 quod.
577 4111 749 4178 supplendum
767 4118 805 4162 est
822 4111 892 4160 decet
903 4111 988 4162 vitare.
1007 4117 1030 4160 te
1048 4111 1165 4176 mapietro
1177 4113 1193 4162 i.
1206 4130 1228 4164 e.
1241 4113 1273 4164 de
1292 4113 1338 4178 (te)

216 4195 296 4248 iudice
314 4196 355 4247 vel
372 4196 475 4247 decente
492 4197 532 4265 vjel
556 4197 682 4264 magistre.
704 4205 733 4264 pt
751 4215 807 4249 esse
825 4197 868 4250 rib*
889 4202 959 4263 (puto
982 4213 1038 4248 esse
1056 4197 1190 4263 verbum'i)
1207 4199 1257 4248 itu:
1283 4216 1339 4249 mc·

215 4285 294 4350 gistro
312 4281 328 4332 i.
348 4281 425 4332 doceo
449 4288 474 4332 te
496 4282 590 4334 vitere’.
625 4281 737 4333 Ver-bum
755 4283 874 4348 mayietro
899 4284 989 4332 Festus
1008 4300 1027 4332 s.
1045 4299 1067 4332 v.
1086 4282 1193 4349 explicet
1210 4299 1256 4348 per
1274 4298 1340 4350 repo,

217 4375 333 4433 tempere,
351 4365 472 4416 moderor.
508 4369 549 4417 De
565 4366 642 4417 huius
658 4369 727 4420 verbi
743 4385 800 4428 usu,
819 4367 863 4434 qui
874 4383 935 4418 nevo
948 4366 1079 4432 posteriori
1090 4367 1251 4434 frequentior,
1270 4370 1340 4420 Deu-

217 4455 282 4506 mius
300 4453 382 4505 multe
401 4453 515 4520 exempla
533 4453 633 4515 adtulit,
651 4460 679 4506 ut
696 4453 764 4506 Petri
782 4452 912 4506 Blesensie
930 4453 962 4504 de
984 4450 1010 4504 S.
1029 4451 1170 4506 Eucharist.
1189 4471 1211 4505 v.
1229 4453 1287 4507 237.

1103 4537 1136 4594 6*
