3148 5102
285 464 381 507 „m
745 435 952 488 rnanrnrro.

436 592 571 660 onrem
592 591 666 674 fuge
688 610 728 657 ne
751 591 847 656 ducas
870 589 928 655 sub
950 588 1076 656 nomine
1099 587 1191 666 dotis,

437 696 505 762 Nec
529 695 664 761 retinere
687 693 773 768 velis,
796 693 823 758 si
846 694 985 774 coeperit
1007 709 1077 757 esse
1102 690 1242 757 molesta.

368 799 525 882 Scriptum
547 798 646 876 enirn,
669 797 714 863 ait
736 815 765 877 p.
789 799 866 871 4362
896 795 974 861 illud
1003 795 1164 860 Distichon
1194 815 1230 861 eo
1260 801 1411 877 ternpore,

283 922 345 985 quo
368 905 401 970 in
424 903 558 986 Imperio
581 903 723 967 Romano
752 907 784 968 et
812 899 933 981 legibus
962 899 1029 964 eius
1057 898 1146 964 licuit
1166 917 1295 964 uxorem
1317 897 1411 964 mole-

285 1014 367 1073 stam
392 1008 516 1090 exigere
539 1007 607 1072 sine
629 1005 692 1070 ullo
716 1004 927 1083 incommodo,
955 1001 1015 1068 nisi
1037 1001 1169 1084 siquod
1192 1021 1230 1067 en
1252 1001 1412 1067 reddenda

283 1111 356 1176 dote
383 1109 601 1184 adimebatur,
632 1108 720 1172 euius
749 1125 841 1172 usum
871 1107 1008 1174 fructum
1041 1105 1234 1189 percipiebat
1262 1101 1410 1171 maritus?

285 1215 332 1279 De
355 1233 418 1296 qua
439 1232 474 1278 re
501 1211 581 1278 conf.
610 1211 795 1278 Heinecoius
818 1213 858 1278 ad
881 1209 916 1275 L.
942 1209 1055 1276 Iuliam
1083 1214 1115 1274 et
1143 1209 1272 1291 Papiam
1294 1209 1336 1285 ΙΙ,
1363 1208 1410 1273 19.

278 1313 424 1382 ‘Molesta
446 1320 552 1382 autem
582 1314 714 1394 dieitur,
743 1332 824 1396 quae
852 1313 891 1379 ob
922 1331 1043 1378 morum
1072 1312 1150 1376 vitia
1178 1317 1211 1376 et
1240 1313 1412 1378 mediocres

284 1421 392 1501 culpas
415 1423 510 1498 atque
540 1435 647 1482 eorum
677 1417 801 1482 nomine
830 1417 934 1481 dotem
964 1435 1064 1497 paene
1086 1434 1208 1480 omnem
1234 1417 1411 1498 repetebat:

236 1593 240 1597 ,
283 1522 373 1587 cuius
396 1521 546 1585 maiorem
568 1524 690 1602 partem
712 1521 878 1586 amittebat
900 1539 947 1600 ea,
970 1538 1050 1600 quae
1071 1521 1111 1585 ob
1126 1521 1285 1602 graviores
1309 1539 1411 1586 mores

283 1622 481 1689 matrimonio
505 1617 730 1704 expellebatur’
755 1630 813 1688 etc.
852 1621 915 1688 Sed
931 1621 1081 1687 Catonem
1102 1628 1246 1689 nostrum
1261 1622 1413 1714 Constan-

284 1725 350 1790 tino
372 1727 509 1806 priorem
524 1722 643 1805 luisse,
672 1723 900 1808 Cannegietero
922 1724 1013 1790 facile
1036 1725 1191 1808 credimus
1219 1731 1256 1791 ut
1282 1726 1412 1792 Barthio

284 1829 364 1893 Adv.
387 1827 413 1893 L
436 1829 494 1904 ΙΙΙ,
519 1831 547 1907 6,
570 1829 624 1910 qui
647 1847 718 1892 eum
741 1827 950 1911 antiquiorem
973 1827 1156 1908 scriptorem
1179 1829 1257 1894 dixit
1274 1829 1412 1894 Theodo-

285 1935 382 2000 sianis
404 1933 609 2016 temporibus.
655 1935 698 1997 Et
723 1934 767 1999 sic
798 1934 861 1999 alia
889 1933 1095 2000 existimanda
1124 1927 1198 1996 sunt
1219 1932 1348 2011 iudicia,
1377 1935 1414 1997 ut

286 2036 447 2118 Scaligeri‚
469 2038 522 2118 qui
545 2037 715 2102 Auctorem
745 2036 785 2102 ad
814 2036 976 2102 Commodi
999 2042 1031 2102 et
1051 2035 1161 2102 Severi
1184 2036 1412 2116 Imperatorum

286 2148 428 2222 tempora
449 2139 555 2220 refert,
579 2138 722 2204 blalschii
746 2139 787 2219 (v.
811 2138 1031 2222 Cannegieteri
1046 2140 1153 2204 Rescr.
1177 2139 1412 2220 erupere),

285 2243 348 2326 qui,
372 2247 408 2308 ut
430 2241 660 2324 supradictum
677 2251 733 2321 est,
757 2242 920 2308 Manilium
940 2246 1099 2308 auctorem
1114 2241 1286 2322 suspicare,
1308 2242 1412 2305 incon-

284 2351 373 2411 stans
396 2345 436 2410 ab
460 2344 598 2426 Augusti
620 2362 697 2409 aevo
728 2345 769 2408 ad
792 2350 928 2410 aetatem
950 2345 1077 2410 Traiani
1099 2350 1154 2409 aut
1176 2350 1261 2410 certe
1284 2343 1412 2410 Antoni-

285 2465 397 2512 norum
420 2446 566 2529 delapsus
590 2451 653 2524 est,
684 2451 779 2528 atque
808 2445 949 2510 Aliorum
978 2445 1131 2511 eiusmodi
1158 2445 1274 2510 iudicia
1301 2445 1414 2509 minori

285 2549 347 2616 fide
369 2549 473 2631 digna.
518 2549 600 2614 Nam
622 2547 707 2614 nulla
730 2549 792 2613 alia
814 2568 848 2614 re
872 2549 947 2613 data
968 2549 1028 2613 nisi
1052 2548 1186 2613 dictione
1201 2549 1251 2613 vel
1271 2567 1413 2614 sermone

285 2659 426 2734 tempus,
455 2669 517 2733 quo
540 2652 659 2717 Auctor
687 2652 816 2732 vixerit,
848 2653 964 2718 certius
998 2650 1120 2716 definiri
1153 2652 1270 2733 nequit.
1316 2651 1413 2716 Stilus

285 2757 412 2838 quidem
433 2774 532 2840 purus
555 2760 612 2831 est,
634 2757 819 2838 perspicuus
842 2761 874 2820 et
896 2761 1001 2821 castus
1027 2756 1155 2836 ipseque
1190 2755 1324 2834 scriptor
1345 2754 1414 2818 lati-

284 2860 433 2926 nissimus
455 2859 646 2924 laudatura
668 2858 839 2924 Laurentio
857 2857 1030 2938 Valla‚‘qui
1053 2856 1141 2938 Eleg.
1160 2857 1213 2934 IV,
1239 2858 1277 2921 18
1296 2852 1413 2920 ‘nescio

284 2963 384 3043 cuius,
406 2962 460 3036 ait,
483 2961 538 3027 sed
561 2964 646 3028 certe
660 2961 742 3026 inter
757 2965 901 3026 auctores
916 2959 1053 3023 minutos
1069 2959 1271 3038 Latinissimi,
1296 2965 1328 3024 et
1350 2976 1412 3038 quo

284 3064 369 3129 mille
392 3064 482 3130 annis
504 3083 595 3130 nemo
621 3080 747 3128 carmen
770 3062 895 3144 scripsit
918 3061 1112 3142 elegantius’.
1151 3062 1251 3140 Quam
1267 3063 1413 3128 Auctoris

285 3168 385 3234 nostri
406 3167 532 3232 laudern
554 3170 651 3248 auget
673 3166 822 3231 Barthius
846 3166 924 3230 Adv.
940 3166 1026 3246 ΧΧΙ,
1050 3171 1100 3246 21,
1124 3185 1144 3231 a
1166 3183 1228 3246 quo
1244 3171 1346 3232 tersus
1362 3185 1414 3252 vo-

285 3275 385 3346 catur,
411 3270 559 3351 Latinus,
583 3275 710 3351 acutus,
735 3268 886 3348 eruditus,
909 3269 1025 3346 facilis,
1055 3271 1100 3334 ita
1128 3275 1164 3334 ut
1191 3271 1413 3352 gratulandum

286 3373 328 3438 sit
350 3392 427 3438 aevo
450 3378 568 3454 nostro,
590 3393 703 3442 nomen
732 3393 824 3440 suurn
851 3375 1004 3457 optimum
1027 3381 1059 3439 et
1080 3380 1204 3456 poetam
1227 3379 1259 3439 et
1281 3375 1413 3457 sophum

284 3471 467 3558 recepisse'.
501 3477 622 3554 Quibus
643 3472 789 3542 laudibus
812 3476 957 3542 addenda
979 3483 1053 3542 sunt
1075 3497 1170 3560 supra
1193 3478 1276 3543 dicta
1297 3477 1413 3544 iudicia

286 3579 373 3644 Petri
395 3579 519 3645 Pithoei
542 3585 574 3645 et
596 3579 725 3660 Josephi
749 3579 909 3661 scaligeri,
930 3599 1063 3661 quorum
1086 3581 1144 3647 Ille
1166 3583 1199 3645 in
1215 3582 1413 3648 Praelatione

286 3681 441 3746 Editionis
479 3701 555 3748 suae
591 3683 665 3746 anni
703 3687 783 3747 1577
824 3683 967 3749 Disticha
1000 3685 1128 3750 Catonis
1166 3685 1212 3750 ita
1244 3684 1411 3767 significat:

280 3780 379 3850 <Haec
402 3783 612 3866 quasplures
635 3786 792 3852 immerito
814 3787 986 3872 negligunt,
1010 3807 1068 3870 ego
1091 3791 1170 3853 tanti
1192 3788 1281 3870 facio,
1304 3790 1413 3855 utrix

286 3888 326 3953 de
348 3888 493 3954 manibus
516 3906 639 3968 penam.
684 3889 744 3955 Hic
772 3896 878 3956 autem
905 3892 936 3955 in
966 3891 1056 3956 Notis
1085 3893 1124 3956 ad
1153 3893 1296 3958 Disticha
1317 3913 1347 3975 p.
1373 3897 1411 3956 39

281 3987 440 4071 ‘Catonis,
462 3991 580 4073 inquit,
603 3992 734 4057 moralia
755 3994 896 4059 Disticha
924 4013 1007 4058 nunc
1036 3995 1143 4060 eodem
1171 3997 1203 4060 in
1225 3997 1328 4078 pretio
1350 4015 1412 4060 non

283 4089 371 4169 sunt,
394 4112 456 4176 quo
479 4094 563 4174 apud
578 4096 713 4176 majores
729 4103 853 4162 nostros
869 4096 1005 4176 fuerunt,
1028 4098 1144 4162 nullam
1160 4097 1254 4164 aliam
1270 4119 1412 4165 caussam

287 4197 477 4263 comminisci
499 4205 635 4279 possum,
659 4203 786 4281 praeter
807 4201 907 4265 nostri
929 4202 1045 4266 saeculi
1066 4200 1235 4278 fastidium,
1258 4203 1341 4283 quod
1362 4222 1412 4270 ve-

286 4305 371 4366 teres
398 4301 567 4382 scriptores
597 4320 659 4366 non
687 4303 787 4368 solum
817 4309 1028 4386 contemnere,
1057 4307 1113 4370 sed
1141 4307 1236 4371 etiam
1264 4307 1412 4371 damnare

286 4404 376 4470 solet.
414 4404 483 4485 Ego
506 4423 589 4484 vero,
614 4423 709 4486 quum
733 4407 774 4472 ad
796 4406 1007 4474 informandos
1030 4415 1062 4474 et
1084 4411 1222 4477 moribus
1245 4415 1277 4477 et
1299 4410 1418 4482 Latino,
