3170 5090
657 421 759 476 LIBER
775 425 818 477 iv.

203 579 253 641 45.
288 577 388 656 Quam
409 577 544 660 primum
567 577 717 662 rapienda
738 580 796 646 tibi
818 585 870 659 est
889 583 1010 650 occasio
1032 584 1142 667 prima,

286 679 334 745 Ne
355 699 466 746 rursus
488 699 633 763 quaeras,
656 700 736 765 quae
758 683 820 748 iam
842 685 1019 764 neglexeris
1042 693 1124 756 ante.

202 785 252 846 46.
286 779 389 850 Morte
410 784 574 864 repentina
598 784 660 849 noli
683 783 821 865 gaudere
841 786 1014 853 malorum:

285 885 406 952 Felices
429 887 555 969 obeunt,
578 905 711 970 quorum
734 885 952 958 sine'crimine
973 891 1039 958 vita
1061 898 1119 960 est.

175 1040 353 1092 anctoritatem
372 1042 437 1094 baeu
455 1043 556 1094 nomina
573 1049 745 1110 transponere.
762 1051 885 1096 mercatus
905 1045 940 1095 ad
956 1064 1031 1098 usum
1047 1047 1088 1099 Pr.
1107 1047 1225 1100 homiues.
1240 1050 1306 1102 'Me-

173 1125 289 1178 nander:
306 1121 363 1178 lida
383 1127 479 1187 δοῦλος
496 1128 512 1198 ἦ
532 1127 574 1188 τὶς
592 1127 669 1180 οὐδὲν
689 1127 769 1198 ἦττον
781 1129 913 1196 δέσποτα,
926 1129 1085 1202 Ἄνθρωπος
1095 1127 1177 1192 οὗτός
1189 1133 1255 1188 ἐστι.
1267 1145 1305 1189 et:

174 1210 268 1280 σάρκα
286 1213 336 1282 τὴν
357 1213 449 1284 αὐτὴν1
464 1213 528 1285 ἔχει,
560 1215 656 1267 Seneca
674 1216 704 1267 Ε.
722 1219 769 1270 47:
789 1217 860 1268 Serri
877 1227 944 1270 sunt.
968 1219 1018 1270 imo
1042 1220 1163 1272 homines.
1201 1221 1259 1273 Iurss
1279 1223 1305 1275 S.

173 1298 206 1350 S.
224 1299 268 1360 VI,
287 1301 352 1354 222:
372 1301 393 1352 0
414 1301 526 1363 demens,
545 1303 582 1353 ita
599 1320 684 1354 servus
702 1303 777 1354 homo
796 1306 853 1354 esti
886 1303 957 1371 Flos.
975 1306 1025 1368 Ill,
1052 1307 1094 1367 20,
1120 1309 1133 1360 1
1158 1325 1243 1360 servos
1269 1325 1306 1360 se-

174 1383 288 1436 cuudum
306 1385 434 1437 homiuum
450 1404 531 1453 percus
549 1389 671 1456 adpellat.
707 1388 778 1440 conf.
797 1391 881 1442 Barth.
907 1391 939 1441 ad
965 1390 1026 1442 Sila.
1044 1390 1144 1458 Papinii
1162 1393 1206 1452 VI.
1226 1397 1259 1450 14
1281 1402 1306 1446 et

171 1471 208 1522 ad
225 1469 355 1524 claudian.
374 1473 410 1524 IV
429 1481 505 1540 atque
524 1475 587 1526 Adr.
606 1475 648 1536 hl,
668 1477 708 1531 12.
728 1476 840 1540 CXLIV,
861 1477 903 1532 48.
922 1479 964 1529 adi
982 1478 1072 1530 Deum.
1091 1488 1117 1531 et
1133 1479 1252 1530 Arntzen.

242 1559 286 1636 4⁵·.
303 1558 427 1621 ‘Occasio,
448 1577 522 1626 quam
540 1569 599 1613 ante
617 1562 679 1612 dixit
696 1563 802 1626 frontem
821 1563 914 1615 habere
926 1563 1076 1630 capillatam,
1089 1565 1174 1616 statim
1186 1573 1225 1616 est
1242 1566 1304 1616 arri-

171 1643 279 1712 pienda:
298 1663 339 1708 ne,
358 1645 381 1696 si
393 1663 421 1698 ee
434 1647 588 1708 subduxerit,
602 1649 694 1700 frustra
706 1665 810 1715 quaeras
826 1656 921 1716 postea,
933 1667 997 1716 quae
1009 1651 1079 1716 prius
1099 1651 1312 1724 contempseras',
1364 1658 1365 1668 ¹

171 1731 306 1784 Erasmus.
337 1729 423 1788 Quum
442 1733 551 1799 primum
569 1734 627 1786 vec.
646 1735 710 1802 Reg.
729 1733 852 1799 cupienda
870 1733 939 1788 Cant.
958 1737 999 1790 83.
1014 1736 1060 1787 sed
1072 1736 1136 1790 conf.
1149 1737 1211 1790 Hor.
1222 1735 1304 1804 Epod.

169 1814 242 1882 XIII,
262 1818 290 1872 3:
309 1845 342 1855 -
360 1819 492 1886 rapiamus
518 1820 591 1871 amici
615 1819 781 1872 Occasionem
799 1821 831 1872 de
850 1821 899 1872 die.
918 1821 1059 1888 symmach,
1077 1823 1098 1884 I,
1123 1825 1154 1878 7:
1182 1821 1301 1874 Occasio·

170 1921 231 1956 mem
249 1905 343 1970 rop'ere
361 1905 494 1972 prudentia
513 1915 557 1961 est.
577 1913 612 1957 est
630 1923 687 1972 rap.
705 1907 751 1958 tibi
768 1925 820 1962 occ.
832 1907 913 1974 prima
925 1907 954 1959 B.
967 1909 1013 1960 tibi
1025 1925 1077 1960 occ.
1089 1891 1169 1976 prima
1181 1917 1220 1961 est
1231 1909 1304 1964 Leid.

170 1993 217 2045 111.
235 1993 280 2045 tibi
298 1993 331 2042 sit
356 2010 407 2045 occ.
431 1993 511 2059 prima
528 1993 558 2046 Β,
584 2009 649 2060 quae
677 2000 705 2043 iu
728 1994 794 2060 negl.
818 1993 860 2045 Pr.
884 1993 1024 2061 neglexeris
1047 1995 1102 2059 ipae
1125 1994 1214 2063 (lamp.
1232 1995 1301 2048 Mox.

169 2079 277 2132 Membr.
299 2079 375 2130 Voss.
402 2095 494 2130 rursus
517 2079 534 2130 i.
561 2097 583 2132 e.
603 2086 697 2140 eontra,
721 2079 838 2144 vicissim,
857 2087 885 2131 ut
902 2080 946 2142 IV,
971 2083 995 2135 7.
1030 2079 1221 2147 Quamprimum
1243 2098 1304 2134 voce

172 2167 307 2218 coniuncta
323 2165 389 2216 Edi.
408 2165 488 2222 Paris.
506 2165 619 2230 Chouet„
634 2165 738 2218 Scriver.

240 2255 284 2308 46.
302 2251 384 2304 Forte
401 2260 496 2319 repent.
514 2269 539 2304 x.
557 2253 718 2304 relliomnes
736 2250 823 2304 Morte
839 2270 892 2320 rep.
930 2253 1009 2306 ‘Nihil
1036 2254 1079 2306 hic
1103 2260 1201 2306 mutant
1219 2256 1301 2314 (iodd.

171 2339 258 2406 scripti
276 2338 316 2390 vel
334 2339 402 2390 editi.
438 2339 556 2390 Attamen
573 2340 613 2388 rix
633 2338 727 2399 dubito,
746 2339 805 2405 quin
825 2356 871 2406 pro
890 2339 1011 2390 mulorum
1030 2340 1188 2399 scribendum
1202 2343 1236 2392 sit
1253 2343 1303 2395 hoc

171 2424 228 2476 loco
246 2431 355 2474 tuorum.
391 2423 466 2486 Puto,
485 2431 614 2476 mutarunt
631 2423 686 2483 hoc,
706 2423 749 2490 qui
767 2425 919 2486 nesciebant,
937 2435 1042 2480 mortem
1054 2427 1211 2494 repentinam
1224 2435 1301 2495 atque

172 2493 328 2578 inopinatam
346 2511 373 2562 in
392 2518 451 2562 voto
469 2510 548 2561 fuisse
566 2509 715 2562 mortalibus
733 2509 863 2560 nonnullis
883 2511 982 2578 priscis.
1012 2513 1077 2566 Vide
1096 2531 1158 2580 quoa
1177 2515 1236 2566 citat
1253 2515 1298 2567 Pi·

172 2598 226 2650 tisc.
237 2581 355 2648 'Plinium
375 2613 466 2664 nempe
485 2604 511 2648 et
527 2596 693 2648 Plutarchum
711 2595 743 2646 ad
762 2595 865 2647 Sueten.
883 2597 931 2648 Iul.
951 2598 1043 2650 Caesar
1067 2615 1120 2665 cap.
1138 2599 1299 2654 LXXXVII:

173 2682 209 2734 Et
223 2681 310 2748 pridie
328 2699 402 2746 quom
421 2681 585 2744 occideretur,
613 2682 642 2732 irc
659 2698 770 2733 sermone
787 2689 877 2732 motum
893 2700 971 2750 super
988 2701 1091 2736 coenam
1111 2685 1183 2751 apud
1199 2685 1238 2738 M.
1251 2685 1299 2739 Le·

166 2767 269 2834 pidum,
289 2769 405 2832 quisnam
423 2777 484 2820 esset
494 2767 563 2831 fiscia
580 2769 647 2820 citae
666 2767 884 2834 commodissimus,
908 2772 1068 2836 repentinum
1091 2772 1300 2838 inopinatumque

168 2854 339 2926 praetulerat.
375 2855 465 2908 Talem
497 2857 592 2908 obitum
623 2858 718 2926 Graeca
745 2873 805 2908 uoce
832 2857 948 2909 dicebant
971 2857 1146 2910 seducamur.
1180 2859 1300 2912 Arntuen.

173 2939 211 2991 ‘Si
230 2940 290 2992 mali
308 2941 391 2992 subito
409 2937 554 3004 modiantur,
569 2943 705 2994 dolendum
718 2943 797 3010 magis
811 2951 857 3005 est,
871 2962 945 3012 quam
957 2945 1126 3012 gaudendum.
1151 2944 1299 3000 Gaudentur

172 3027 232 3078 dnm
250 3027 332 3093 potius
351 3027 377 3077 in
394 3035 475 3079 morte
492 3030 622 3092 bonorum,
641 3047 746 3096 quorum
773 3047 841 3081 mors
865 3030 927 3081 salix
953 3039 1000 3082 est.
1036 3030 1085 3082 Vel
1108 3030 1144 3082 sic
1170 3039 1199 3084 ut
1223 3033 1298 3085 vertit

170 3111 310 3174 Planudes,
329 3114 430 3165 tametsi
447 3115 530 3166 malus
548 3123 642 3166 auctor.
680 3116 708 3168 Si
726 3115 818 3167 videris
835 3115 916 3168 malos
935 3117 1017 3168 subito
1035 3117 1097 3169 tolli.
1110 3117 1162 3168 noli
1179 3118 1297 3186 gaudere·

92 3203 95 3207 “
171 3199 301 3266 Contingit
317 3199 384 3251 idem
402 3201 476 3252 bonis
495 3201 555 3252 viris
574 3209 600 3253 et
616 3202 799 3253 innocentibus.
826 3202 861 3253 Vt
879 3202 1014 3270 intelligas,
1032 3203 1080 3254 hoc
1098 3220 1157 3262 casu
1174 3205 1296 3269 accidere,

170 3303 221 3338 non
238 3285 346 3337 uindicta
363 3285 488 3338 Numinis'
506 3289 636 3340 Erasmus.
665 3287 764 3338 Felices
781 3305 868 3339 omnes
886 3287 991 3340 codices
1009 3295 1124 3352 tuentur,
1152 3290 1295 3344 Planudes:

164 3369 253 3424 ‘'Orrc
279 3371 333 3423 καὶ
358 3371 453 3424 caelat
482 3371 631 3442 drpcrouo’
660 3381 705 3425 etc.
747 3373 873 3440 Scaliger:
902 3367 1039 3444 Ευτυχέες
1065 3375 1218 3445 drp'ozooo’
1246 3359 1319 3433 etc·

170 3459 319 3511 Arntaenius
337 3459 372 3511 ita
389 3459 551 3512 mutationem
569 3466 595 3510 et
611 3459 687 3511 totius
706 3459 807 3510 distichi
825 3476 927 3510 sensum
945 3468 1060 3527 exponrtr
1087 3463 1153 3514 ‘Hoc
1169 3479 1229 3532 ergo
1247 3483 1295 3516 no·

169 3545 210 3596 bis
228 3545 327 3596 videtur
344 3547 488 3614 praecipere
506 3545 693 3612 Gnomologus:
722 3545 810 3596 Gaude
833 3561 887 3595 uorc
910 3553 960 3596 tam
986 3553 1041 3597 tuoe
1057 3556 1138 3608 morte
1155 3552 1294 3619 repentina,

170 3630 197 3684 id
214 3640 258 3695 est,
275 3640 361 3700 optata
377 3634 524 3694 exstinctos,
542 3649 617 3697 quom
636 3631 703 3696 quod
719 3631 774 3682 sirac
792 3631 897 3683 crimine
914 3631 1042 3684 uicerim!
1076 3634 1155 3688 Vicus
1173 3636 1251 3688 latere
1268 3637 1294 3688 in

169 3737 193 3770 r.
211 3717 309 3770 Felices
326 3716 429 3773 Withof.
448 3737 473 3786 p·
492 3719 543 3774 573
567 3719 604 3770 aio
627 3718 812 3770 emendandum
834 3718 931 3770 censuit
952 3719 1039 3772 unice:
1067 3716 1113 3772 ata
1132 3722 1225 3787 plures
1247 3723 1293 3774 ob·

171 3812 232 3857 eunt
249 3813 296 3856 etc
333 3804 407 3856 ‘Vide
431 3807 510 3866 enim,
534 3805 624 3872 inquit,
647 3805 832 3872 ineptissimam
855 3806 1046 3873 argumentandi
1071 3806 1206 3859 rationem:
1233 3807 1293 3860 Noli

169 3892 279 3960 gaudere
296 3899 375 3944 morte
392 3893 521 3959 repentina
538 3875 669 3944 malornm.
696 3891 765 3943 Curi
788 3890 887 3960 Nempe
904 3893 942 3944 illi
961 3893 1054 3948 obeunt
1072 3892 1167 3955 felices,
1185 3910 1292 3960 quorum

169 3979 219 4030 vita
236 3985 274 4030 est
292 3978 346 4029 sine
364 3977 473 4030 crimine.
508 3979 621 4041 Quaeso,
646 3977 707 4044 quid
729 3978 777 4029 hoc
798 3977 831 4028 ad
854 3978 935 4030 malos
959 3989 985 4031 et
1007 3986 1112 4032 mortem
1137 3979 1292 4045 repentinam
1399 3969 1402 3976 ⁴

169 4082 255 4117 eornm
272 4063 341 4126 facit,
359 4072 412 4116 tum
432 4081 509 4131 quare
527 4065 611 4116 subito
629 4065 718 4116 talium
736 4081 840 4116 excessu
857 4082 908 4116 non
936 4065 969 4117 sit
990 4066 1159 4134 gaudendum.
1195 4064 1291 4118 Sensus

169 4150 274 4219 emergit
290 4151 405 4220 egregius
424 4150 584 4217 lucidusque:
611 4149 672 4202 Noli
693 4150 815 4218 gaudere,
840 4149 930 4217 inquit,
956 4150 1079 4202 malorum
1102 4149 1178 4202 celeri
1201 4160 1290 4214 morte,

170 4236 242 4303 quasi
259 4254 350 4304 nempe
362 4237 424 4288 haec
440 4236 492 4290 illis
510 4236 537 4286 in
555 4253 663 4303 poenam
681 4235 833 4303 singularem
852 4237 998 4304 contigerit:
1016 4253 1074 4288 nam
1091 4235 1179 4305 plures
1198 4237 1291 4290 obeunt

168 4339 219 4374 non
237 4321 354 4374 dissimili
370 4321 430 4383 lato,
448 4338 554 4390 quorum
572 4328 654 4373 tamen
672 4321 723 4374 rita
741 4321 795 4375 sine
812 4323 916 4375 crimine
933 4321 999 4376 fuit'.
1035 4321 1094 4375 Alio
1113 4323 1197 4386 modo,
1214 4325 1290 4377 refert

168 4408 286 4472 Arntaen,
303 4409 440 4477 genuinam
456 4407 592 4462 lectionem
610 4409 741 4462 restituere
758 4416 862 4463 conatus
881 4416 920 4462 eet
937 4407 1011 4463 Corn.
1028 4409 1086 4462 Vel.
1103 4409 1179 4479 Hugo
1190 4411 1287 4476 Vonclr,
