3148 5102
612 402 819 494 66166166.

263 597 402 664 Beholde
424 616 476 680 my
497 602 635 680 mayster
657 596 720 662 this
742 595 802 663 litil
824 595 934 662 tretisc

262 702 393 768 Whiche
415 702 442 766 is
464 700 510 766 ful
532 701 566 766 oi
585 705 647 784 wyt
669 701 732 766 and
754 719 907 794 sapyence

263 804 398 870 Eniorce
419 805 473 870 the
495 804 558 868 this
581 807 701 870 matare
723 804 924 886 taccomplise

264 907 393 990 Thpnke
415 910 441 973 it
461 910 488 974 is
510 909 685 974 translated
708 913 742 972 at
759 909 833 991 jour
854 927 1020 974 reverence

263 1011 393 1076 Enrolle
415 1011 463 1076 hit
485 1011 623 1078 therfore
644 1013 676 1076 in
699 1031 778 1094 your
800 1011 986 1078 advertcncc

265 1114 336 1180 And
358 1115 469 1197 desyre
492 1113 540 1181 for
562 1121 595 1180 to
618 1114 733 1181 hnoble
756 1115 839 1180 what
860 1114 975 1180 cathon
996 1105 1101 1180 mente

265 1214 368 1282 Whan
390 1236 429 1300 ye
451 1219 477 1283 it
500 1218 640 1284 redolet
662 1225 719 1283 not
740 1237 820 1300 your
845 1218 935 1284 herto
958 1220 996 1285 be
1018 1219 1131 1284 thence

264 1319 329 1384 But
352 1320 428 1385 doth
450 1339 484 1386 as
507 1320 570 1385 this
593 1321 685 1402 sayth
708 1321 783 1386 with
807 1321 837 1384 al
859 1340 938 1402 your
964 1322 1099 1388 6616616.

244 1423 404 1508 Colophon
427 1424 531 1490 adest:
554 1425 605 1490 hic
625 1423 695 1488 finis
717 1425 809 1507 parui
837 1425 987 1491 anthonio.

244 1528 339 1594 Vides
368 1529 408 1594 ad
431 1511 547 1594 calcem
574 1528 668 1593 huius
695 1527 784 1608 parvi
807 1526 934 1594 Catonis
963 1531 1078 1594 iterum
1100 1528 1285 1611 magistrum

155 1633 394 1714 adumbratum,
424 1633 478 1716 qui
498 1633 587 1698 sedet
614 1631 644 1696 in
667 1630 744 1696 sella
768 1637 840 1696 ante
870 1631 976 1698 oculos
1003 1632 1117 1698 librum
1139 1649 1287 1714 magnum

155 1741 269 1802 tenens
300 1741 435 1818 anteque
469 1755 541 1801 oum
569 1735 707 1818 quinque
735 1753 849 1816 pueros
879 1735 911 1800 in
939 1737 1071 1818 genibus
1101 1741 1286 1818 prostratos.

158 1840 196 1904 ln
220 1859 312 1906 verso
327 1839 393 1905 lolii
408 1838 537 1905 secundi
551 1839 699 1920 leguntur
714 1837 807 1914 haec:
831 1838 890 1904 Hic
905 1840 1013 1922 incipit
1028 1858 1159 1922 magnus
1179 1835 1286 1904 Chato.

158 1942 282 2026 Cuique
305 1943 438 2010 disticho
461 1942 615 2025 suppositi
645 1945 719 2007 sunt
747 1946 867 2024 septem
889 1960 999 2008 versus
1022 1943 1153 2026 Anglici.
1201 1943 1287 2008 Haec
1419 2031 1421 2034 Ι

157 2047 255 2112 editio
286 2046 384 2112 multo
414 2048 581 2112 correctior
609 2051 658 2111 est
681 2046 817 2112 editione
845 2045 993 2112 Cantonis
1019 2067 1046 2114 6.
1073 2053 1169 2122 1463,
1198 2047 1287 2114 cuius

156 2155 264 2216 textus
287 2150 411 2215 omnino
434 2149 577 2215 diversus
601 2153 664 2214 est:
688 2149 713 2228 Ι,
738 2153 766 2214 3.
791 2149 810 2214 b
833 2149 887 2228 qui
902 2152 969 2214 scit.
995 2156 1023 2214 4.
1037 2151 1066 2216 h.
1091 2170 1119 2232 q.
1137 2169 1165 2215 a.
1189 2151 1305 2216 nario·

156 2271 211 2318 res
233 2257 308 2343 sunt
329 2253 460 2318 mendae
475 2251 688 2334 typotheticae
702 2251 741 2330 ll,
762 2257 790 2314 7.
808 2269 827 2314 a
849 2252 968 2334 pudiat.
994 2253 1034 2332 ΙΙ,
1060 2254 1125 2318 1.Ι)
1149 2254 1285 2334 culpant.

156 2356 201 2435 ΙΙ,
226 2360 254 2420 8.
279 2357 299 2422 b
321 2361 439 2439 patent.
471 2360 519 2420 12.
544 2374 563 2420 a
590 2353 781 2438 proquirere.
813 2357 862 2417 26.
887 2373 906 2418 6
928 2356 992 2420 boli
1014 2373 1070 2437 pro
1097 2355 1169 2420 noli.
1195 2359 1288 2420 31.a

156 2477 248 2524 meus
270 2479 327 2542 pro
349 2477 446 2524 mens.
470 2458 525 2533 IV,
550 2461 599 2522 38.
624 2475 644 2522 6
671 2455 740 2520 6166
768 2475 825 2539 pro
852 2457 927 2522 sine.
952 2457 1011 2534 ΙΙΙ,
1037 2463 1085 2522 18.
1109 2477 1128 2523 6
1150 2460 1285 2541 perlege.

156 2563 316 2646 perlectis.
340 2563 395 2645 IV,
414 2567 470 2626 21.
494 2580 513 2626 6
534 2579 629 2644 parce
651 2563 736 2643 peris
759 2561 813 2641 IV,
836 2567 886 2625 41.
911 2581 930 2626 6
952 2575 1102 2644 pugncra.
1149 2563 1288 2629 Nonnul-

156 2668 207 2733 las
229 2667 358 2732 mendas
380 2666 477 2732 habet
500 2683 695 2744 communes,
726 2667 761 2728 ut
783 2664 830 2740 ΙΙ,
855 2669 882 2726 2.
907 2683 926 2729 6
949 2665 1023 2748 (que
1046 2667 1120 2749 om.)
1144 2684 1215 2731 cum
1238 2661 1285 2732 ed.

157 2770 310 2852 principe.
333 2789 372 2835 ex
393 2787 456 2850 qua
480 2773 585 2835 textus
600 2766 759 2848 profectus
782 2785 851 2832 esse
866 2767 998 2833 videtur.
1037 2768 1202 2835 Lectiones
1217 2789 1289 2851 pro·
1343 2843 1346 2850 ¹

157 2873 248 2954 priae
275 2873 304 2952 Ι,
336 2875 384 2936 16.
409 2891 437 2937 6.
469 2873 517 2934 16.
541 2891 569 2936 6.
600 2876 649 2936 23.
674 2872 703 2936 Ι).
728 2871 772 2952 ΙΙ,
798 2877 825 2936 3.
851 2871 869 2936 Ι)
900 2871 1046 2954 (metuit).
1079 2879 1107 2952 7.
1132 2891 1159 2937 a.
1188 2875 1235 2937 12.
1259 2893 1286 2940 6.

161 2975 212 3038 13.
235 2975 265 3040 b.
293 2973 339 3037 18.
363 2994 390 3038 a.
415 2979 465 3038 22.
489 2995 517 3040 a.
542 2980 591 3040 26.
609 2995 636 3040 6.
661 2975 716 3055 IV,
741 2979 768 3040 3.
786 2994 813 3040 a.
841 2977 888 3038 12.
905 2977 934 3041 Ι).
959 2977 1055 3044 461).
1092 2977 1287 3059 Scripturae:
1372 3047 1379 3062 ,

157 3077 231 3160 hijs.
255 3076 415 3160 loquutur.
438 3078 545 3144 locuti.
568 3079 717 3144 locutum.
741 3079 862 3144 coiunx.
887 3077 1031 3162 dampna.
1055 3077 1288 3162 sompno‘con·

159 3187 332 3261 tempnere.
357 3187 486 3264 tempta.
511 3183 618 3264 ceptis.
643 3202 726 3266 sepe.
751 3203 860 3248 euum.
885 3188 934 3249 set
956 3189 987 3249 et
1009 3185 1073 3251 sed.
1098 3187 1235 3250 archana
1257 3191 1290 3250 et
1410 3240 1413 3260 ,

160 3302 284 3349 arcana.
308 3285 446 3350 comoda.
470 3285 590 3367 pocius.
612 3286 738 3351 lorcius.
762 3287 929 3368 paciencia.
947 3305 1093 3367 unquam.
1117 3307 1286 3370 nunquam.

160 3406 304 3470 nomque.
328 3387 414 3452 litus.
437 3388 547 3454 bacho.
564 3389 856 3454 dissere-:discere
874 3391 1148 3464 cuntis=cunctis
1164 3410 1285 3474 ymago.

163 3509 339 3574 supprema.
376 3489 537 3557 Hac=fac
559 3492 613 3568 IV,
638 3491 687 3556 12.
713 3495 761 3555 17.
786 3497 836 3556 48.
879 3491 1043 3557 Distichon
1066 3493 1107 3570 ΙΙ,
1132 3498 1171 3558 29
1196 3493 1288 3575 (iudi—

162 3595 244 3658 cium
268 3595 339 3676 etc.)
368 3595 506 3676 positum
535 3601 584 3660 est
613 3595 653 3660 ad
681 3593 773 3660 finem
801 3595 872 3660 libri
898 3601 970 3677 post
1000 3597 1086 3662 distt.
1118 3601 1157 3662 30
1181 3602 1213 3662 et
1236 3601 1285 3662 31.

163 3695 324 3776 Colophon
345 3697 377 3760 in
400 3697 484 3762 calce
507 3701 570 3762 cst:
594 3697 730 3779 Explicit
752 3681 862 3762 Chato.

248 3804 277 3862 4.
300 3799 358 3864 Ed.
392 3797 610 3862 Londiueaoo'c
634 3800 780 3885 inpresso
804 3824 824 3864 o
850 3799 990 3864 Caoctone
1011 3803 1044 3866 in
1064 3803 1285 3870 westmonast.
1297 3832 1360 3874 ccxc.
1376 3831 1424 3876 aa.

28 3913 29 3916 ’
137 3902 234 3968 abb.
258 3921 286 3966 6.
313 3902 522 3968 148316161.
561 3903 640 3968 Vide
661 3903 742 3969 Bibl.
767 3903 912 3986 Spencer.
936 3905 990 3985 IV,
1006 3907 1184 3970 263-264.
1219 3908 1288 3972 Bri-

163 4005 226 4070 tish
249 4003 489 4088 Bibhographer
512 4007 566 4087 iv,
583 4010 632 4072 32.
672 4007 765 4071 Aliud
789 4011 966 4090 exemptum
989 4012 1037 4072 est
1058 4028 1154 4090 penes
1177 4011 1288 4077 ducem

164 4108 203 4174 de
231 4107 432 4174 Devonshire.
485 4107 616 4174 Constat
646 4115 685 4174 77
715 4109 812 4190 loliis,
845 4127 978 4190 quorum
1006 4115 1155 4191 quattuor
1183 4115 1314 4196 priora.

164 4211 327 4295 prologum
350 4214 512 4278 continent
534 4221 566 4280 et
587 4215 771 4296 registrum3
795 4221 867 4298 post
881 4215 989 4280 lolium
1012 4216 1127 4293 album,
1154 4219 1191 4281 16
1214 4217 1288 4283 16116

163 4317 317 4398 praebent
337 4321 505 4400 praecepta
528 4335 552 4382 s.
577 4319 757 4398 sententias,
782 4323 820 4383 56
844 4319 918 4384 lolia
937 4324 1057 4384 textum
1073 4320 1285 4386 distichorum.

165 4419 309 4501 Quinque
338 4437 447 4485 versus
476 4439 500 4484 s.
529 4421 643 4502 116666,
674 4441 754 4504 quae
781 4423 821 4487 ad
849 4422 964 4489 calcem
992 4427 1066 4488 sunt
1093 4425 1227 4506 positae,
1255 4425 1287 4489 in

218 4539 399 4580 aaaaaaaaaaa
402 4539 424 4573 o.
1067 4526 1083 4582 2
