3170 5090
300 413 334 468 54
690 407 781 462 0110
798 407 1049 464 mosomus,

322 571 372 633 21.
406 562 528 634 Exerce
549 565 698 647 studium,
720 564 863 648 quemvis
886 566 1066 646 perceperis
1089 568 1205 645 ertem;

407 672 450 738 Vt
472 689 547 737 cure
569 671 737 752 ingenium,
758 669 804 736 sic
827 674 860 735 et
881 685 993 734 menus
1015 668 1146 735 adiuvet
1168 687 1270 736 usum.

323 777 373 839 22.
407 773 543 840 Multum
564 773 690 849 uenturi
711 790 752 840 ne
773 789 865 838 cures
888 775 1031 854 tempore
1052 769 1125 838 feti:

405 875 477 940 Non
498 875 612 940 metuit
632 878 773 950 mortem,
796 872 852 956 qni
873 872 933 938 scit
955 877 1176 954 contempnere
1197 875 1303 942 uitem.

324 983 374 1045 23.
409 979 504 1044 Disce
525 978 624 1044 sede
646 977 763 1057 doctis3
786 976 928 1042 indoctos
950 977 1019 1058 ipsc
1039 976 1168 1045 doceto:
1194 973 1199 986 '

406 1081 614 1164 Propagande
636 1080 751 1147 etenim
773 1098 879 1146 rerum
903 1080 1044 1146 doctrine
1066 1081 1228 1148 bonemm.

323 1191 373 1252 24.
406 1185 475 1251 Hoc
496 1184 578 1265 bibe,
601 1183 685 1266 quod
707 1182 819 1264 possis,
841 1183 869 1247 ei
891 1187 928 1248 tu
948 1183 996 1250 vie
1018 1183 1123 1250 vivere
1145 1202 1257 1250 senus:

407 1287 510 1354 Morbi
532 1304 628 1352 censa
649 1286 724 1352 meli
746 1287 842 1352 nimie
865 1289 915 1351 est
935 1303 1152 1367 quaecumque
1173 1287 1328 1371 voluptas.

301 1496 402 1566 glossa:
429 1493 593 1562 providentie.
616 1494 641 1548 K
664 1511 720 1546 cum
744 1493 850 1562 glossis:
878 1493 1026 1546 cunctando.
1049 1509 1095 1561 per
1111 1511 1214 1546 morem.
1250 1493 1392 1562 Prospicito
1412 1497 1432 1550 i.

301 1599 385 1634 curem
401 1581 490 1648 gerite.
526 1579 576 1631 cie.
596 1579 667 1633 Verr.
686 1581 707 1643 Ι,
726 1581 756 1636 8:
779 1579 854 1642 Quod
870 1579 903 1630 ed
920 1587 1028 1631 vestram
1045 1580 1138 1632 semem
1155 1579 1273 1647 pertinet,
1290 1583 1432 1648 prospicite

301 1678 327 1722 et
344 1667 474 1721 consulite.
509 1666 633 1734 Equidem
651 1668 740 1736 scripsi
757 1674 783 1720 et
800 1667 915 1719 distinxi:
942 1665 1087 1734 Prospicito
1105 1674 1237 1728 cunctane,
1255 1669 1347 1718 tacitus
1366 1668 1433 1734 qnid

302 1765 358 1818 etc,
376 1753 514 1806 accusativo
533 1762 625 1804 cuncta
643 1753 797 1806 substituens
817 1761 940 1804 cunctane
958 1761 983 1804 et
1000 1753 1088 1804 tecitne
1102 1755 1120 1804 i.
1132 1755 1207 1804 tacito
1220 1769 1343 1815 sermone,
1361 1757 1430 1815 conf.

302 1844 324 1904 1,
343 1844 383 1906 11,
401 1841 454 1893 sire
470 1840 545 1892 tacite
561 1857 621 1892 voce
647 1840 731 1908 (Orid.
750 1840 785 1892 M.
804 1839 875 1903 XIX,
895 1842 954 1896 300.
974 1839 1029 1891 Gul.
1048 1841 1110 1906 411)
1138 1839 1290 1908 coniungens
1315 1858 1371 1894 cum
1388 1843 1431 1892 lo-

303 1936 405 1994 quatur.
433 1927 503 1992 quod
528 1926 600 1978 BKX
626 1927 732 1978 Membr.
759 1926 801 1978 Pr.
821 1925 904 1981 Carti.
923 1927 983 1982 861.
1011 1927 1052 1982 83.
1088 1925 1171 1978 Venn.
1189 1929 1230 1981 91.
1249 1929 1290 1982 93.
1317 1944 1378 1993 quoe
1395 1929 1431 1979 D.

303 2031 368 2082 quae
385 2012 443 2066 Bes.
461 2013 541 2082 Necp.
559 2029 607 2082 que
625 2014 656 2064 V.
687 2013 775 2066 Sermo
793 2013 882 2066 etenim
901 2031 961 2066 mor.
980 2013 1045 2066 0011.
1063 2012 1137 2068 Voss.
1176 2011 1291 2082 Scaliger
1308 2015 1382 2084 (γαρ,
1401 2024 1433 2068 nt

303 2154 329 2198 et
345 2144 494 2212 Plenudes).
513 2109 540 2196 il
557 2145 624 2197 celet
640 2161 671 2195 ac
688 2145 741 2196 iud.
760 2145 842 2197 Puris.
861 2145 903 2211 (oc
921 2161 997 2213 eupre
1013 2143 1055 2211 et).
1074 2161 1155 2198 mores
1174 2145 1247 2209 celet,
1265 2163 1315 2198 om.
1332 2153 1364 2209 et,
1381 2146 1432 2200 BD

303 2231 345 2284 Pr.
364 2232 422 2288 Bes.
440 2231 521 2299 Necp.
539 2231 604 2284 Ven.
623 2233 664 2287 91.
684 2231 755 2283 Cart.
774 2231 815 2287 83.

371 2321 413 2374 21.
438 2317 542 2370 Withof.
560 2337 586 2386 p.
604 2318 669 2374 565:
697 2317 778 2370 Locus
805 2318 848 2370 hic
865 2318 1002 2370 sanitatem
1020 2317 1145 2370 mentiens
1163 2318 1266 2372 minime
1286 2337 1362 2372 senus
1379 2329 1430 2372 est.

302 2406 408 2475 Proprie
424 2413 450 2458 et
467 2406 555 2458 Latine
572 2405 678 2458 dicimus
696 2421 813 2457 exercere
830 2413 919 2468 artem,
937 2423 988 2458 non
999 2422 1057 2458 vero
1075 2421 1192 2458 erescere
1209 2405 1329 2471 modiane,
1347 2405 1433 2458 sivox

304 2511 334 2546 eo
352 2511 427 2547 sensu
445 2492 567 2546 sumenda
584 2494 630 2557 eit,
654 2510 703 2560 quo
721 2493 765 2544 hic
783 2493 849 2544 sumi
872 2493 981 2545 deberet.
1018 2492 1084 2544 Nem
1102 2493 1125 2544 si
1141 2493 1173 2544 de
1191 2492 1346 2560 professione
1364 2510 1432 2559 que-

304 2580 362 2631 dem
379 2580 499 2647 accipies,
517 2580 581 2631 nihil
598 2580 639 2632 hic
656 2580 739 2632 differt
756 2586 809 2632 erte
826 2579 890 2646 ipse.
926 2579 1039 2648 Scaliger
1063 2580 1139 2632 etiarn
1164 2581 1219 2647 ipse
1236 2580 1262 2630 in
1279 2581 1347 2632 netis
1364 2579 1435 2631 circe

303 2666 443 2718 versionem
460 2668 583 2718 dumuens
602 2667 662 2718 eutis
680 2666 799 2726 ostendit,
818 2683 846 2718 ee
863 2667 960 2732 eliquid
978 2663 1091 2718 ὕπουλον
1111 2667 1155 2718 hic
1167 2665 1277 2718 sensisse
1282 2685 1290 2727 ;
1311 2665 1378 2733 quod
1395 2667 1433 2718 olo

304 2750 420 2821 ἀπορίαν
438 2753 550 2818 profiteri
567 2770 618 2805 non
637 2755 712 2805 luerit
730 2770 814 2805 susus.
850 2753 1043 2805 Emendcndnm
1061 2759 1100 2804 est
1116 2752 1170 2804 eine
1182 2753 1258 2804 dubio
1270 2752 1323 2804 leni
1339 2753 1434 2804 iterum

304 2839 467 2908 legitimoque
492 2840 615 2892 remedio:
644 2839 740 2891 Exerce
759 2839 862 2891 assiduo
880 2846 1003 2903 quaestu
1029 2838 1169 2906 perceperis
1196 2845 1277 2891 artem
1294 2847 1341 2892 ete.
1376 2838 1435 2892 Iam

303 2926 432 2979 bellisimc
449 2934 475 2978 et
497 2927 604 2978 rotunde
627 2933 666 2977 est
687 2925 828 2977 sententie’.
856 2925 954 2976 adiuvet
980 2921 1085 2976 Membr.
1112 2924 1215 2976 adiuvet
1233 2924 1317 2990 ipsum
1335 2923 1363 2978 1.
1383 2925 1435 2976 ed·

304 3013 372 3064 iuvet
385 3015 487 3076 llsllllllll
503 3014 538 3080 (2.
558 3030 591 3063 m.
610 3029 666 3079 pos.
684 3029 756 3063 meum
775 3013 802 3063 in
820 3010 916 3078 reenre)
934 3010 967 3062 H.
979 3027 1042 3062 usuc
1053 3011 1096 3061 Pr.
1108 3010 1210 3063 adiuvet
1220 3011 1302 3062 virum
1314 3010 1385 3062 Leid.
1396 3011 1435 3063 11.

304 3097 371 3152 0011,
387 3098 462 3152 Voss.
481 3098 584 3151 adiuvet
600 3097 684 3148 virum
701 3097 784 3162 meeum
803 3096 885 3148 Puric.
922 3095 967 3147 Sic
985 3113 1044 3148 cure
1061 3097 1198 3164 ingenium,
1216 3095 1281 3148 sicud
1296 3095 1362 3149 men.
1380 3097 1434 3148 edi.

303 3203 377 3236 usum
389 3185 457 3238 Plor.
483 3184 517 3236 Vt
534 3193 565 3236 cir
583 3184 714 3254 ingenium
726 3185 782 3240 Itel.
800 3184 948 3255 recrescens.
966 3183 1030 3236 infre
1041 3185 1089 3240 27:
1107 3198 1171 3234 cura
1188 3184 1316 3250 sapientie
1334 3183 1434 3242 crescit.

304 3271 483 3328 deducte.

351 3361 414 3414 «99.
438 3357 550 3410 Multum
573 3358 674 3412 oemtcm'
695 3375 727 3410 me
751 3374 824 3410 ceree
846 3357 899 3410 tf.
923 3357 1155 3410 RSYEHPBDKV
1179 3357 1244 3409 Rex.
1268 3357 1370 3424 (curae).
1387 3357 1434 3410 Pr.

303 3445 409 3498 Membr.
435 3445 491 3498 Itel.
518 3445 597 3498 Oextt.
624 3447 684 3502 861.
702 3446 744 3502 83.
770 3444 829 3498 Bes.
856 3444 922 3512 (mec)
948 3444 1028 3512 Ncep.
1052 3443 1115 3500 Ven.
1134 3445 1175 3499 93.
1196 3444 1271 3498 1698.
1298 3443 1388 3496 Deum.
1405 3451 1436 3497 et

303 3532 421 3586 Amtzen.
440 3531 519 3583 ‘hein
537 3532 581 3584 ΠΙ.
604 3531 670 3600 Aug.
697 3532 774 3584 Vind.
803 3530 907 3583 Ohouet
935 3530 1003 3584 ntor.
1030 3529 1110 3582 Paris.
1128 3529 1211 3581 Pulm.
1230 3527 1314 3582 Prem.
1331 3529 1433 3582 Eresm.

304 3619 400 3686 Gryph.
417 3617 549 3684 elieeque’.
585 3619 666 3670 Paris.
694 3626 720 3670 et
745 3617 828 3670 Pulm.
856 3618 883 3669 in
909 3634 986 3684 marg.
1022 3613 1083 3666 Non
1105 3623 1161 3668 met.
1184 3623 1255 3670 mort.
1290 3615 1378 3678 Aliae,
1402 3623 1435 3668 ut

304 3706 409 3758 Chouet.
438 3706 510 3757 Gruc.
537 3712 562 3758 et
586 3723 662 3774 merg.
690 3705 774 3758 Pulm.
801 3711 911 3772 transpo.
947 3701 1008 3753 Nom
1033 3709 1135 3753 mertem
1161 3701 1255 3756 metuit.
1292 3700 1332 3754 Ne
1357 3709 1434 3756 mort

304 3793 374 3844 (lert.
394 3792 434 3848 83.
453 3799 628 3856 contempnere
644 3790 738 3842 RHE'P
757 3791 830 3843 Leid.
848 3790 892 3842 Ill.
911 3789 994 3840 Puric.

373 3879 414 3933 23.
440 3878 553 3929 indoctos
570 3875 728 3935 ἀδιδάκτως
751 3877 887 3930 Plenudes.
907 3873 1038 3944 ἀπείρους
1061 3875 1180 3944 Scaliger.
1203 3876 1313 3944 Propeg.
1337 3874 1435 3927 etenim

304 3970 340 4020 etl
357 3964 521 4016 RYSHEKV
546 3964 610 4016 Rex.
637 3963 701 4014 Vox.
728 3961 808 4016 (lextt‘.
827 3965 885 4020 861.
904 3964 946 4019 83.
980 3964 1140 4018 Ventilet
1164 3963 1253 4014 Leidd.
1270 3963 1290 4014 I.
1307 3961 1340 4015 11.
1365 3960 1434 4014 Ooll.

304 4051 379 4104 Voss.
397 4051 454 4104 Vct.
472 4052 535 4118 Reg.
555 4050 611 4101 Vct
631 4049 717 4102 Ohert.
736 4049 800 4102 conf.
818 4052 839 4114 Ι,
859 4053 899 4108 13.
928 4051 1044 4104 Arntren.
1062 4049 1151 4102 refert:
1171 4054 1215 4101 ‘est
1232 4067 1280 4102 om.
1298 4048 1363 4100 Edd.
1381 4064 1432 4099 no-

305 4145 371 4191 stree
389 4155 476 4192 omnes
494 4145 592 4206 praeter
615 4135 694 4191 Pcris.
723 4143 748 4188 et
774 4136 851 4188 Flet!
886 4135 991 4206 Propeg.
1019 4143 1056 4188 eet
1081 4135 1173 4188 etenim
1198 4135 1268 4188 neit.
1285 4134 1330 4187 III.
1349 4133 1433 4188 Certi.

300 4217 363 4282 861.
382 4227 424 4282 83.
459 4226 568 4294 Propeg.
592 4223 685 4276 etenim
708 4239 795 4274 rerum
818 4231 853 4274 est
872 4225 948 4277 doctr.
965 4223 1071 4280 Membr.
1090 4221 1158 4274 enim
1175 4229 1211 4273 eet
1227 4238 1274 4273 rer.
1292 4221 1334 4272 Pr.
1351 4220 1433 4272 bono-

305 4331 362 4366 rum
378 4313 405 4365 H
421 4312 491 4368 Leid.
509 4313 522 4364 I
539 4330 554 4363 e
572 4315 597 4367 2.
614 4330 650 4366 m.
669 4319 695 4364 et
711 4311 816 4364 Membr.

375 4400 417 4454 24.
446 4414 493 4464 quo
517 4398 599 4468 poss
621 4397 691 4450 ern
718 4397 788 4452 nere.
807 4397 839 4449 11.
866 4397 922 4451 vu
949 4398 1011 4466 neg.
1037 4395 1084 4450 ne.
1112 4394 1178 4448 mor.
1208 4373 1258 4462 qui
1275 4393 1303 4462 (e
1321 4411 1336 4446 a
1356 4396 1378 4448 r.
1395 4411 1431 4446 m.

1461 1181 1487 1232 Ι
