3148 5102
268 465 311 506 χχ
735 443 937 496 Pnlnrhrlo.

269 599 334 662 stat
356 614 395 661 ex
416 594 548 677 triginta
575 615 686 664 novem
714 597 796 665 foliis
825 595 1006 682 quaternis,
1035 601 1131 678 atoue
1157 595 1242 663 idem
1263 594 1330 663 sere
1351 599 1404 662 est

212 687 220 700 ’
271 716 342 763 cum
366 696 504 763 editione
526 699 743 784 praecedente,
767 719 838 766 cum
860 717 923 782 qua
943 717 1006 766 non
1029 699 1130 764 solum
1153 699 1185 764 in
1201 702 1291 765 textu
1305 697 1403 780 pluri-

270 801 330 866 mis
352 801 428 867 locis
451 803 609 867 consentit
630 803 687 870 sed
717 803 812 868 etiam
840 803 872 868 in
900 801 1029 868 scholiis
1050 805 1083 868 et
1107 800 1221 884 glossis
1243 806 1299 866 aut
1320 798 1403 865 infra

269 921 381 970 versus
404 907 460 970 aut
484 922 580 987 supra
603 906 742 989 singulas
763 925 855 974 voces
877 905 998 990 positis.
1034 904 1192 970 Differunt
1213 909 1319 971 autom
1340 903 1402 969 hae

269 1007 352 1074 duae
375 1008 529 1074 editiones
552 1027 614 1075 non
637 1006 739 1075 solum
761 1006 892 1090 singulis
914 1005 992 1073 locis
1008 1005 1223 1087 distichorum,
1246 1011 1402 1086 utsupra

269 1110 332 1175 iam
355 1112 544 1194 notavimus,
567 1112 623 1178 sed
639 1095 735 1177 etiam
757 1111 790 1176 in
812 1109 945 1190 epistola
959 1110 1142 1192 praemissa,
1165 1108 1220 1174 ubi
1236 1107 1284 1173 ed.
1301 1108 1400 1190 Neap.

268 1212 365 1280 habet
386 1212 559 1278 Prrscooti
570 1221 602 1280 et
616 1231 767 1296 generose
789 1213 902 1280 indolis
925 1219 984 1280 etc.
1023 1211 1184 1295 Colophon
1207 1213 1241 1276 in
1263 1210 1401 1277 editione

268 1321 405 1396 utraque
436 1317 481 1384 sic
509 1337 543 1384 se
569 1317 680 1384 habet:
698 1314 769 1383 ‘Hic
795 1315 889 1382 finem
918 1317 1023 1400 aspice
1051 1315 1183 1382 Catonis
1212 1314 1272 1380 viri
1300 1332 1401 1379 mora-

267 1418 379 1484 lissimi
402 1425 435 1486 et
458 1421 490 1485 in
512 1421 563 1488 via
585 1439 708 1486 morum
722 1420 897 1503 gravissimi
920 1439 990 1486 cum
1010 1424 1193 1488 commento
1216 1416 1325 1484 fratris
1340 1419 1400 1484 Ro-

267 1523 352 1588 berti
375 1521 414 1588 de
436 1522 627 1589 Euromodio
650 1522 793 1590 monachi
810 1521 1077 1589 Clarevalhs.tam
1094 1523 1264 1590 verborum
1286 1527 1400 1588 ornatu

267 1623 376 1692 limato
400 1643 495 1709 quam
518 1627 745 1692 sentcntiamm
766 1627 922 1709 gravitate
943 1625 1085 1709 preclaro
1109 1632 1146 1692 ut
1161 1645 1199 1692 ex
1214 1625 1298 1690 Iovis
1315 1643 1398 1720 cere-

267 1729 325 1793 bro
348 1728 494 1795 videatur
516 1735 695 1796 emanatum
719 1724 915 1812 impressum'
942 1732 969 1792 1.
986 1729 1130 1796 Basileae
1149 1730 1271 1796 decima
1285 1733 1399 1811 quarta

268 1831 320 1897 die
349 1831 441 1897 Iunii.
484 1833 575 1900 Anno
606 1835 723 1900 domini
753 1831 1086 1900 MCCCCLXXXVI.
1132 1839 1160 1898 2.
1187 1833 1319 1916 Neapoli
1340 1851 1397 1915 per

270 1934 424 2000 Mathiam
439 1935 605 2002 Moravum
634 1937 686 2004 die
707 1937 792 2004 XVI.
814 1937 888 2002 Iulii
902 1939 992 2004 Anno
1007 1938 1231 2004 incarnationis
1247 1935 1400 2001 dominice

270 2036 641 2106 MCCCCLXXXVIII.
691 2042 728 2106 In
751 2040 800 2107 ed.
824 2040 919 2106 Basil.
948 2047 1075 2124 praeter
1106 2040 1183 2108 haec
1210 2037 1401 2124 suprapositi

271 2147 397 2208 exstant
417 2143 451 2208 hi
472 2149 596 2209 tantum
618 2144 680 2210 duo
706 2163 835 2210 versus:

445 2245 562 2314 Nullus
584 2249 706 2315 mireris
729 2267 857 2316 carmen
880 2249 1000 2314 nudum
1022 2247 1157 2314 haberis.

445 2350 536 2416 Mens
558 2352 747 2434 paupertina
769 2353 930 2418 coniunxit
952 2354 1091 2419 carmina
1113 2351 1195 2419 bina.

159 2491 187 2524 aa
238 2513 244 2524 .
355 2459 384 2518 7.
409 2454 514 2520 Editio
556 2451 671 2518 Veneta
705 2479 735 2521 o.
774 2457 867 2520 1491.
901 2455 953 2522 iol.
998 2456 1049 2521 Ad
1071 2455 1197 2536 calcem,
1220 2453 1272 2522 fol.
1298 2459 1348 2520 90.
1370 2472 1399 2520 a.

268 2555 400 2638 legitur:
435 2558 627 2640 Impressum
661 2560 809 2627 Venetiis.
847 2580 938 2628 anno.
974 2559 1311 2631 MCCCCLXXXXI.
1350 2556 1400 2623 die

267 2660 417 2741 vigesimo
440 2663 545 2727 tertio.
592 2663 710 2730 Marcii.
736 2665 996 2748 inscriptionibus
1016 2682 1096 2729 cum
1122 2669 1209 2728 totus
1231 2663 1311 2728 liber
1332 2667 1400 2758 tum

268 2763 383 2846 singuli
410 2763 482 2831 libri
511 2773 632 2845 carent,
664 2766 782 2832 habent
810 2773 916 2834 autem
946 2786 1074 2850 magnas
1107 2767 1230 2833 litteras
1262 2765 1399 2832 initiales

268 2869 494 2951 typographica
516 2873 586 2933 arte
609 2876 746 2935 ornatas.
789 2872 911 2936 Mendis
935 2879 1039 2937 tamen
1061 2870 1263 2953 typotheticis
1287 2873 1397 2936 scatet.

269 2971 541 3052 Transpositiones
556 2972 725 3036 verborum
747 2978 822 3038 sunt
845 2973 1036 3056 frequentes,
1059 2978 1154 3054 atqua
1168 2972 1310 3038 nonnulli
1332 2991 1400 3037 ver·

269 3091 324 3139 sus
345 3079 402 3139 aut
423 3072 550 3155 syllabis
572 3074 698 3140 omissis
720 3081 777 3140 aut
799 3076 927 3142 vocibus
949 3077 1085 3159 receptis
1107 3076 1153 3140 ita
1173 3075 1334 3151 laborant,
1364 3078 1399 3140 ιιι

268 3174 354 3256 leges
377 3175 527 3240 metricae
549 3175 726 3240 laedantur.
765 3177 868 3242 Multa
883 3183 957 3242 sunt
978 3178 1109 3244 liberius
1131 3184 1282 3260 correcta,
1305 3197 1398 3260 saepe
1469 3263 1472 3268 ,
1551 3181 1552 3248 Ϊ

270 3283 377 3342 tamen
399 3276 477 3344 facit
498 3296 569 3343 cum
592 3280 753 3345 veteribus
776 3279 946 3347 codicibus.
989 3281 1077 3347 idem
1103 3281 1187 3348 valet
1209 3282 1249 3347 de

142 3407 198 3450 van.
213 3408 247 3451 aa.
357 3386 386 3446 8.
410 3380 557 3446 Editione
595 3380 711 3445 Vocem
742 3405 772 3446 a.
803 3385 888 3449 1493
916 3385 995 3468 inpr.
1024 3403 1044 3450 a
1072 3385 1122 3452 Jo.
1154 3383 1193 3452 de
1220 3383 1335 3454 Ceroto
1362 3385 1401 3452 de

272 3485 411 3556 Tridino.
456 3485 569 3551 Restat
1198 3557 1200 3562 ,

197 3626 250 3671 m,
361 3594 390 3654 9.
412 3585 518 3656 ‘Liber
541 3588 691 3656 Cothonis
719 3592 751 3656 in
779 3591 925 3675 vulgares
947 3592 1065 3676 rigmos
1088 3591 1158 3675 (sic)
1188 3591 1400 3671 translatusa

276 3693 338 3758 diro
362 3692 535 3760 Catellucio
559 3693 598 3758 de
621 3693 792 3778 Campania
814 3691 929 3777 milite',
951 3695 1006 3762 lat.
1023 3701 1056 3762 et
1070 3695 1136 3760 ital.
1152 3694 1185 3776 in
1200 3701 1220 3759 4
1234 3695 1302 3761 sine
1316 3697 1399 3763 dato.

135 3799 141 3828 ²
273 3797 356 3862 Bibl.
382 3796 528 3878 Speneer.
553 3797 615 3862 Vll
637 3813 668 3876 p.
696 3801 831 3866 32-33.
877 3797 1002 3863 Dibdin.
1026 3795 1137 3864 refert:
1168 3795 1234 3864 The
1255 3797 1400 3865 Dukedi

273 3901 415 3969 Cossano
440 3903 600 3970 considers
623 3903 686 3968 this
708 3903 832 3968 version
861 3903 977 3986 utterly
1000 3903 1157 3969 unknown
1178 3906 1211 3966 to
1233 3902 1399 3986 bibliogra-

269 4005 367 4086 phers
390 4008 452 4072 and
475 4024 628 4090 supposes
651 4005 705 4070 the
727 4007 848 4088 printer
869 4024 941 4089 may
962 4006 1043 4072 haue
1065 4006 1144 4072 been
1168 4004 1344 4073 Schurener
1361 4006 1400 4073 de

270 4108 448 4193 Bopardia.
486 4113 604 4178 Verum
627 4116 684 4192 est,
708 4108 836 4175 eosdem
858 4127 928 4176 esse
949 4111 1187 4194 typos‚*quihus
1202 4110 1320 4178 Romae
1334 4111 1400 4177 Ma-

270 4215 371 4296 gister
394 4217 444 4282 Jo.
470 4217 648 4283 Schurener
671 4217 709 4282 de
731 4215 889 4298 Bopardia
910 4227 992 4280 anno
1015 4221 1096 4281 1475
1118 4216 1234 4282 librum
1256 4215 1397 4298 epistola·
1471 4240 1480 4264 ·

269 4337 340 4382 rum
362 4317 562 4385 familiarium
585 4321 673 4386 Enee
696 4318 784 4384 Siluii
798 4319 1018 4386 Piccolominei
1034 4320 1199 4401 inpressit;
1222 4317 1396 4400 exemplum

269 4427 374 4497 tamen
398 4421 527 4491 Catonis
550 4424 583 4491 in
606 4422 685 4489 Bibl.
716 4422 866 4504 Spenoer.
895 4422 1038 4490 chartam
1060 4422 1240 4506 spissiorem
1263 4428 1296 4492 et
1317 4421 1398 4490 colo·
