3148 5102
678 391 779 448 mnne
796 395 816 445 1.
924 372 927 380 ‘

224 555 274 617 28.
310 551 389 618 Cum
412 551 469 618 tibi
492 552 554 616 sint
576 550 642 616 nati
665 568 871 634 aequemus,
894 555 970 616 tunc
992 552 1112 618 artibus
1136 552 1206 618 illos

313 655 449 734 Instrue,
473 673 535 738 quo
556 653 677 736 possint
698 653 822 734 inopem
844 653 1011 720 defendere
1032 655 1138 720 vitam.

224 761 273 824 29.
305 758 397 838 Quod
419 759 480 825 vile
504 761 561 832 εει,
584 775 700 832 aarum,
723 757 806 838 quod
829 775 945 834 aarum,
967 757 1028 823 vile
1050 762 1179 842 putot03

309 860 360 928 Sia
382 861 440 926 tibi
460 879 518 928 neo
540 845 680 943 cupidae,
702 878 760 926 nec
782 879 896 926 avarus
918 861 1063 928 nosceris
1085 863 1149 927 ulli.

269 1034 311 1088 28.
337 1032 368 1084 Si
390 1032 434 1083 tibi
457 1033 550 1084 notavit
572 1033 692 1085 Arntueu.
715 1049 746 1082 ex
770 1032 827 1082 edd.
852 1031 916 1100 Aug.
941 1007 1119 1086 vinn⁰1³arta
1139 1035 1222 1090 Trsm.
1241 1035 1325 1088 Pulm.

200 1119 297 1172 Erasm.
315 1119 412 1186 Grypb.
431 1118 506 1172 Cord.
525 1118 558 1169 al.
576 1146 609 1158 -
627 1133 709 1184 neque
727 1133 789 1185 opes
807 1117 881 1170 RSY.
899 1136 997 1185 nequeo
1016 1136 1061 1186 pes
1081 1117 1112 1170 Τ.
1130 1120 1186 1172 rell.
1209 1137 1263 1172 nec.
1282 1139 1325 1171 ar-

200 1205 268 1256 tibus
284 1207 301 1256 i.
319 1205 433 1273 ingenuis
452 1205 502 1256 Cia.
521 1205 554 1255 ad
571 1205 626 1258 Dir.
644 1205 689 1266 lv,
707 1207 732 1260 3.
751 1205 899 1258 liberalibus
917 1205 970 1257 cic.
988 1207 1041 1260 Ins.
1056 1207 1077 1266 Ι,
1091 1207 1132 1262 95.
1151 1207 1252 1274 optimis
1271 1208 1322 1260 cie.

200 1291 233 1342 sd
250 1291 304 1345 Dis.
323 1291 379 1353 VII,
397 1293 421 1346 3.
454 1288 537 1342 ‘Artes
561 1291 609 1343 boo
631 1291 687 1343 loeo
710 1291 851 1360 significant
877 1307 1061 1357 quamcumque
1083 1293 1265 1358 professionem
1282 1294 1325 1345 lsa-

199 1386 312 1441 nestam3
327 1377 488 1445 potissimum
499 1383 581 1442 autem
592 1395 638 1444 per
648 1385 716 1428 artes
726 1377 889 1446 intelligimus
900 1379 1102 1446 negotiationem,
1115 1377 1325 1444 quemadmodum

198 1464 237 1516 sio
254 1463 359 1516 dieimns
384 1479 429 1514 crs
446 1463 572 1525 melaria,
591 1480 635 1514 urs
657 1463 787 1525 linteariu,
815 1481 859 1514 urs
876 1465 1034 1518 macellaria.
1071 1468 1168 1520 Gruter.
1188 1466 1263 1532 (lurp.
1285 1466 1325 1516 iu·

200 1549 294 1616 seriptt.
311 1569 336 1618 p.
354 1549 500 1601 DCXLVII.
519 1568 543 1600 n.
557 1548 580 1606 5’
593 1551 711 1603 Arntzen.
741 1540 942 1619 'Oaunegieterus
960 1570 984 1618 ρ.
1003 1552 1053 1608 506
1073 1571 1125 1620 εερ.
1145 1554 1192 1608 33:
1208 1547 1325 1603 ‘Romani

199 1635 278 1703 prisci
293 1653 324 1686 ex
341 1636 407 1702 agris
425 1635 548 1698 virebant,
571 1636 647 1703 idque
670 1639 744 1688 unice
766 1637 898 1690 honestum
920 1646 946 1690 et
963 1639 1087 1690 decorum.
1124 1640 1207 1706 Opera
1224 1645 1267 1688 aut
1285 1639 1342 1688 ars

200 1722 352 1774 mercenaria
370 1723 509 1784 inhonesta,
528 1722 637 1774 sordida.
675 1723 769 1774 Verum
786 1723 837 1774 alis
854 1723 1024 1775 Romamrum
1042 1725 1093 1776 vita
1112 1725 1160 1776 fuit
1176 1725 1223 1775 sub
1239 1724 1324 1791 Impe-

201 1809 333 1860 ratoribus.
369 1809 433 1860 Tum
451 1809 557 1870 Romae,
576 1816 600 1860 et
617 1809 751 1876 praecipue
769 1810 794 1870 iu
807 1809 911 1862 coloniis
930 1817 955 1861 et
972 1811 1124 1878 municipiis,
1142 1811 1217 1862 etism
1235 1828 1266 1870 er
1283 1828 1326 1862 or-

201 1895 302 1946 dinibus
320 1895 447 1956 nonnulli,
464 1895 561 1945 antibus
579 1895 718 1946 tolerabunt
735 1895 818 1958 ritem,
840 1913 923 1966 neque
942 1898 1110 1950 Grammaticus
1127 1905 1234 1960 tuntum,
1256 1898 1325 1950 Rhe-

201 1981 287 2042 torian,
306 1981 456 2048 Sophistica,
476 1981 566 2048 quibus
585 1981 688 2048 publice
712 1981 839 2034 monaedes
863 1983 964 2034 tirerunt
981 1985 1144 2047 constitutae,
1163 1984 1207 2035 sed
1226 1991 1252 2035 et
1268 2001 1325 2036 ora·
1411 1993 1414 2000 '

202 2069 265 2121 turin
283 2069 336 2120 sire
359 2067 497 2135 patrocinio
516 2067 651 2129 Advocati,
675 2068 766 2136 quibus
793 2069 842 2119 iam
865 2069 923 2120 iude
946 2086 992 2136 per
1013 2070 1098 2137 legem
1121 2069 1232 2122 Cinciam
1256 2071 1326 2122 linuit

202 2155 322 2222 aenipere.
357 2156 386 2206 lu
404 2155 546 2222 municipiis
564 2161 589 2205 et
606 2139 711 2206 coloniis
729 2172 761 2206 ne
778 2155 933 2206 honestiores
952 2156 1053 2222 quidem
1071 2157 1103 2207 ab
1121 2156 1227 2222 opificiis
1245 2157 1324 2208 absti-
1433 2186 1437 2196 ·

200 2243 302 2293 nebant.
321 2240 371 2292 rid.
387 2240 489 2292 Reines.
502 2239 633 2307 Syntegm.
670 2240 746 2293 lusor.
766 2258 822 2307 pag.
840 2243 896 2296 144.
916 2258 965 2305 quo
978 2243 1079 2307 possint
1095 2242 1234 2294 RSYHEV
1247 2242 1325 2294 Csxtt.

201 2328 260 2388 861,
279 2327 321 2382 83.
356 2327 412 2378 Ital.
431 2317 554 2382 Vens93.
575 2343 624 2390 quo
637 2325 733 2390 pist-M
751 2327 802 2380 328
821 2326 903 2380 Turia.
921 2327 989 2390 qnod
1000 2328 1100 2394 possint
1112 2327 1225 2379 DBKPr.
1244 2328 1324 2396 Neap.

200 2413 259 2470 Bas.
276 2415 340 2466 Ven.
360 2417 400 2470 91.
419 2413 488 2482 quod
504 2413 587 2480 possis
605 2414 710 2464 Membr·
730 2413 801 2480 queis
819 2403 865 2464 Vir
882 2413 976 2464 Doetus
994 2431 1033 2480 ap.
1054 2414 1187 2474 Aminea,
1214 2415 1263 2480 qui*
1281 2432 1325 2466 ex·

200 2501 278 2568 plioet
295 2517 344 2564 quo
361 2517 406 2568 per
424 2517 472 2564 quo
490 2499 595 2564 nepotio.
615 2500 745 2565 quaint
763 2515 798 2550 eo.
823 2499 868 2562 qni
890 2499 989 2566 possint
1013 2500 1075 2566 legit
1097 2499 1202 2552 Seriver.
1229 2500 1274 2564 qui
1291 2521 1324 2546 z

200 2585 300 2652 quibua.
319 2586 383 2638 conf.
403 2586 501 2636 Terent.
515 2584 595 2636 Andr.
606 2582 651 2646 lll,
670 2587 693 2646 2,
712 2585 753 2640 32.
772 2584 855 2634 Plant.
866 2583 925 2636 Aul.
938 2585 971 2646 ΙΙ,
989 2589 1014 2646 4,
1032 2585 1073 2640 30.
1092 2583 1230 2650 defendere
1247 2585 1264 2638 i.
1283 2603 1324 2636 ar-

200 2689 270 2735 sere,
295 2671 427 2739 prohibere
450 2671 539 2722 Duum.
564 2672 703 2738 depellere,
732 2671 863 2738 perbibere
886 2671 973 2724 Waeh.
1000 2671 1144 2736 deffendere
1170 2669 1218 2723 Bo
1244 2671 1323 2724 Oertt.

201 2759 260 2814 861.
282 2759 323 2813 83·
569 2811 571 2814 ,

268 2846 309 2903 29.
335 2841 421 2906 ‘Quod
444 2843 536 2911 vulgus
560 2843 732 2910 magnifacit,
756 2851 783 2894 tu
802 2851 946 2903 contemna3
968 2839 1143 2910 quodvulgus
1162 2844 1322 2912 negligitur

199 2932 284 2998 magni
303 2929 390 2981 inuito:
407 2930 442 2981 ita
459 2931 517 2992 fiet,
541 2937 571 2981 ut
588 2947 634 2981 nee
651 2931 696 2980 tibi
715 2930 749 2980 sis
768 2947 870 2997 paraus:
896 2929 999 2980 nudabis
1023 2929 1089 2980 enim
1112 2929 1162 2990 uti,
1187 2947 1252 2997 quae
1274 2948 1325 2980 non

200 3017 287 3084 magni
306 3016 375 3068 iscis.
409 3016 498 3084 Neque
516 3017 632 3082 cuiquam
649 3017 756 3068 videaris
774 3035 871 3078 usurus,
890 3034 945 3068 eum
961 3034 1011 3068 non
1024 3023 1125 3081 expetes
1144 3005 1225 3076 avide,
1243 3033 1325 3082 neque

200 3103 309 3156 servabis
325 3110 442 3176 ⁸attente,
468 3119 532 3170 quse
556 3105 661 3170 eupiunt
686 3103 730 3153 illi.
766 3103 866 3170 Vulgus
891 3103 992 3169 plurimi
1016 3104 1076 3154 iacit
1094 3101 1205 3165 divitias,
1227 3102 1325 3152 minimi

199 3189 259 3242 facit
274 3189 425 3256 probitatem
442 3196 468 3238 et
484 3187 665 3240 eruditionem:
685 3195 711 3238 tu
724 3188 817 3239 inverte
830 3188 1035 3238 aestimationem.
1062 3187 1114 3238 Res
1132 3194 1215 3238 autem
1235 3187 1324 3253 cuique

198 3275 263 3328 tales
280 3283 347 3336 sunt,
366 3273 447 3342 qualis
466 3281 504 3324 ast
522 3274 553 3324 de
571 3273 610 3324 his
639 3271 738 3340 opinio'.
774 3274 902 3326 Erasmus.
927 3273 1001 3335 Quod
1026 3291 1109 3324 carum
1133 3273 1181 3324 vila
1205 3272 1324 3322 nanv

199 3361 445 3424 ausoniorum.
469 3359 567 3410 addidit
589 3359 714 3426 glossam:
738 3378 757 3412 s.
785 3368 831 3412 eet.
851 3359 908 3410 VM.
928 3359 979 3414 3‘28
1002 3359 1108 3410 Membr.
1135 3359 1175 3410 Pr.
1195 3359 1263 3410 Cart.
1282 3360 1322 3414 83.

201 3446 281 3514 Neep.
300 3447 358 3498 Bne.
377 3447 441 3498 Ven.
460 3447 500 3500 93.
519 3446 610 3496 Duum.
630 3447 749 3498 Arntaen.
768 3445 855 3498 Leidd.
874 3446 894 3497 1.
907 3443 937 3496 ll.
950 3445 1032 3496 Turio.
1051 3453 1076 3496 ει
1091 3441 1156 3497 ‘rell
1169 3445 1231 3496 Mss.
1245 3445 1324 3496 nostri

200 3529 311 3594 omnes',
334 3537 399 3583 teste
418 3531 566 3593 Arutuenio,
590 3541 665 3598 atque
689 3550 720 3583 ex
742 3533 800 3584 edd.
818 3531 915 3582 Erasm.
939 3540 964 3582 et
981 3531 1055 3583 Boill.
1078 3532 1133 3582 roll.
1153 3531 1220 3598 quod
1238 3546 1323 3580 carum

199 3625 242 3680 est,
259 3615 310 3668 vile
327 3625 426 3684 putato.
462 3617 531 3668 Villo
549 3623 640 3683 putato.
652 3617 722 3668 Laid.
740 3617 785 3678 Ill,
803 3616 867 3668 Ven.
881 3619 912 3671 91
933 3617 1000 3682 (bis).
1020 3616 1082 3668 utile
1101 3617 1140 3668 ed.
1159 3617 1241 3669 Trem.
1258 3624 1324 3668 teste

200 3702 342 3754 Arntuenio.
362 3720 446 3754 aarum
464 3707 488 3752 et
507 3703 575 3768 quod
592 3703 648 3756 lul.
668 3703 741 3766 Quod
758 3703 811 3754 vils‘r
832 3711 870 3754 est
887 3703 921 3754 M.
941 3703 983 3754 Sic
1007 3701 1053 3753 tibi
1075 3719 1121 3752 neo
1138 3700 1322 3752 RSHstvB

109 3851 115 3862 ι
199 3790 250 3844 398
265 3789 307 3840 Pr.
324 3789 380 3840 Ital.
399 3788 479 3838 Oaxtt.
498 3789 558 3844 661.
577 3789 617 3844 83.
636 3789 717 3840 Venn.
736 3789 777 3842 91.
796 3789 836 3844 99.
856 3788 974 3838 Arntzeu.
1011 3788 1038 3839 Si
1064 3787 1108 3836 tibi
1133 3803 1182 3838 nea
1199 3786 1234 3838 M.
1255 3785 1323 3838 Seri-

199 3892 262 3934 ver.;
283 3875 309 3925 in
321 3873 495 3926 Editionesua
510 3874 590 3925 serius
609 3874 742 3942 castigata:
763 3873 820 3925 sic
837 3883 868 3924 tu
888 3891 956 3938 nec,
975 3880 1003 3924 ut
1020 3874 1058 3928 ed.
1077 3873 1151 3924 Fran.
1172 3873 1244 3928 1660.
1269 3869 1323 3922 Nec

199 3959 245 4010 tibi
263 3977 309 4011 nec
326 3960 357 4010 V.
393 3959 434 4010 Sit
451 3958 498 4009 tibi
515 3977 562 4010 neo
579 3960 609 4010 D.
646 3957 676 4010 Si
697 3959 759 4010 mibi
781 3977 828 4011 neo
850 3959 995 4010 Malsabius.
1032 3958 1075 4008 Sic
1098 3957 1145 4007 tibi
1168 3975 1214 4009 neo
1233 3975 1323 4024 parcus

198 4046 264 4098 Edd.
284 4046 366 4098 Tuam.
386 4047 482 4098 Essem.
502 4047 599 4114 Grypb.
623 4055 649 4098 et
666 4046 736 4098 Crura
760 4054 835 4114 atque
853 4047 951 4107 Palm,
975 4054 1040 4096 teste
1057 4044 1207 4105 Arutsenio,
1226 4044 1270 4110 qni
1288 4043 1324 4094 sia

200 4133 323 4184 distichon
341 4133 455 4200 exponit:
471 4129 520 4184 ‘'l'u
539 4136 560 4184 si
580 4150 664 4185 aarum
683 4141 765 4200 putes,
784 4133 851 4199 quod
869 4133 920 4184 vile
937 4140 992 4193 est,
1015 4149 1066 4182 non
1087 4131 1133 4182 tihi
1151 4131 1259 4181 nosceris
1278 4147 1323 4182 au·
1423 4151 1426 4156 ·

200 4219 283 4286 pidus,
302 4219 393 4281 idest,
412 4228 439 4271 tu
457 4221 532 4272 rebus
550 4221 608 4282 tuis,
628 4239 690 4289 quas
708 4237 780 4271 ouras
798 4227 880 4286 putes,
899 4219 991 4270 vilibus
1003 4219 1063 4270 lieet
1075 4225 1214 4276 contentus,
1232 4216 1323 4275 aliens,

198 4306 259 4357 lieet
276 4307 353 4358 etiam
370 4305 466 4357 rariora
483 4305 547 4368 siut,
573 4306 656 4358 auimo
680 4314 723 4357 tuo
740 4323 790 4356 non
808 4312 919 4374 appetas.
954 4303 1046 4356 Aliena
1063 4304 1130 4355 euim
1147 4309 1276 4370 appetere,
1295 4309 1324 4354 ut

200 4391 312 4452 Rroukb.
339 4392 432 4455 docuit,
455 4392 556 4464 proprie
574 4394 666 4446 crimen
685 4391 776 4464 cupidi
793 4398 841 4452 est,
859 4409 908 4445 nou
926 4391 1000 4442 avari.
1037 4389 1066 4441 Si
1089 4407 1147 4442 vero
1172 4388 1222 4439 vile
1239 4394 1322 4456 putes,
