3148 5102
311 469 415 510 xxvrn
504 423 510 433 ‘
772 441 975 493 rnnarnrro.

312 605 378 668 tate
399 601 620 667 hodiernorum
642 599 801 666 hominurn
823 597 938 664 iudicia
954 603 1161 676 contemnere,
1184 619 1246 683 qua
1267 599 1312 664 illi
1333 600 1435 666 honos

312 706 481 788 scriptores
503 702 789 788 aspemari'solent
811 707 869 769 etc.

515 805 607 872 Ibid.

397 913 465 995 Ego
487 912 563 977 mihi
585 911 727 978 conscius
749 929 837 988 sum,
865 909 980 975 multos
1002 909 1217 991 gravissimos
1240 914 1272 975 et
1294 907 1434 975 doctissi-

311 1035 379 1083 mos
401 1017 484 1082 viros
505 1033 568 1080 non
589 1015 756 1098 puduisse,
775 1015 840 1098 jam
861 1018 1027 1096 provectos
1049 1018 1170 1089 aetate,
1193 1014 1271 1080 haec
1292 1011 1435 1079 Disticha

311 1120 491 1186 memoriter
512 1119 642 1185 discere.

397 1219 561 1306 Idemfiae
576 1219 735 1284 Natarum
758 1221 792 1284 a‘n
807 1221 900 1285 Paul.
917 1218 998 1306 Syri
1009 1217 1197 1284 Sententiae.
1220 1219 1304 1286 Edit.
1326 1218 1434 1302 Lugd:

398 1325 484 1392 Haec
506 1324 675 1404 Publiana,
705 1325 847 1406 quamvis
869 1326 952 1390 inter
979 1343 1080 1406 nugas
1108 1323 1279 1389 theatrales
1305 1324 1436 1406 Jactata,

311 1432 417 1494 tamen
439 1427 514 1508 quid
537 1433 673 1506 rectum,
705 1428 780 1511 qnid
803 1428 880 1494 utile
903 1428 960 1508 sit,
990 1431 1083 1492 sunta
1105 1426 1288 1502 Horatium,
1323 1425 1435 1492 melius

313 1530 490 1613 Chrysippo
511 1535 543 1595 ot
565 1529 719 1596 Crantore
742 1531 858 1598 dicunt.
904 1531 1016 1613 ltaque
1038 1547 1197 1612 nunquam
1219 1529 1288 1594 illos
1312 1529 1351 1594 de
1372 1547 1435 1593 ma·

312 1633 405 1699 nibus
427 1631 585 1716 deponant
605 1653 666 1701 non
689 1635 779 1717 pueri
801 1638 934 1713 tantum,
957 1633 1012 1699 sed
1035 1633 1128 1698 etiam
1152 1633 1323 1698 doctiores:
1351 1631 1436 1713 quod

312 1735 395 1801 idem
418 1735 456 1802 de
477 1736 637 1822 Dionysii
658 1735 786 1801 Catonia
809 1737 958 1802 Distichis
988 1735 1105 1801 dictum
1132 1734 1246 1818 volo:⁹)
1270 1755 1350 1820 quae
1373 1753 1436 1818 qua

312 1857 348 1906 re
369 1859 431 1906 non
453 1838 691 1923 frequententur
712 1842 744 1906 in
768 1841 881 1908 sehohs
903 1859 965 1906 non
987 1839 1087 1906 video.
1133 1838 1264 1906 Meliora
1290 1839 1381 1920 enim,
1404 1844 1437 1906 et

313 1941 467 2018 latiniore,
483 1945 596 2023 quihus
611 1945 705 2011 animi
716 1947 821 2012 teneri
836 1943 1052 2024 informentur,
1070 1944 1137 2008 dari
1152 1962 1214 2008 non
1230 1949 1362 2024 possunt
1377 1947 1435 2010 etc.

401 2045 478 2128 (16.)
510 2044 617 2131 Scepi.
641 2048 838 2122 Paschasius
860 2048 946 2110 Icoa.
974 2052 1042 2112 107.
1065 2065 1136 2129 pag.
1159 2047 1215 2110 XI.
1238 2047 1268 2112 b.

520 2146 596 2212 Cato
615 2173 677 2236 pro
697 2153 820 2238 poeria.

438 2251 536 2330 Quem
559 2253 617 2317 tibi
639 2273 696 2336 pro
718 2255 825 2336 pueris
849 2255 904 2320 dat
926 2251 1101 2334 Bibliopola
1126 2249 1281 2328 Catonem,

437 2353 538 2423 Crede
560 2357 636 2422 mihi
658 2357 738 2423 liber
760 2362 810 2424 est
831 2358 935 2440 aptior
956 2358 1017 2424 iste
1031 2356 1129 2422 Viris.

400 2445 478 2541 (17.)
515 2457 608 2544 Casp.
626 2459 787 2524 Bartla'aa
804 2461 873 2526 Lib.
886 2461 971 2526 XXI.
996 2460 1127 2526 Advers.
1151 2478 1177 2524 c.
1194 2459 1244 2522 21.
1261 2457 1317 2525 col.
1342 2460 1436 2524 1064:

399 2560 553 2645 Quicquid
574 2581 635 2628 usu
657 2564 780 2646 vulgari
809 2566 849 2631 ab
872 2564 1060 2630 auctoritate
1082 2562 1261 2630 reconditae
1289 2561 1437 2628 eruditio-

313 2664 360 2728 nis
383 2664 458 2744 abit,
480 2665 629 2731 vilescere
652 2665 741 2741 solet,
764 2672 796 2732 et
817 2667 849 2730 in
864 2685 992 2733 censum
1012 2667 1114 2749 redigi
1134 2685 1239 2731 rerum
1254 2684 1317 2731 non
1333 2663 1437 2746 magni

313 2767 420 2847 pretii,
449 2767 523 2834 licet
544 2769 586 2834 sit
614 2789 690 2835 auro
719 2770 822 2852 rarius
851 2775 883 2836 et
910 2769 1086 2837 formosius.
1133 2770 1221 2836 Licet
1249 2769 1281 2834 in
1310 2767 1434 2843 talibus

313 2869 416 2951 quoad
437 2871 545 2951 poesin
569 2871 694 2952 quidem
709 2871 865 2954 Latinam,
887 2873 989 2939 locum
1012 2874 1122 2939 demus
1136 2871 1296 2956 Dionysii
1310 2869 1436 2934 Catonis

313 2971 470 3037 Distichis.
517 2973 577 3050 Qui
599 2971 725 3038 libellus
748 2975 775 3039 si
797 2994 859 3040 non
882 2976 1001 3041 dudum
1023 2976 1065 3041 ad
1085 2975 1304 3057 pulverulenta
1326 2975 1436 3056 magis-

312 3077 433 3139 trorum
455 3073 605 3140 subsellia
627 3074 739 3141 fuisset
761 3078 936 3159 damnatus,
959 3081 1041 3144 inter
1056 3077 1245 3144 Posterioris
1267 3077 1336 3143 aevi
1357 3079 1436 3160 prin·

313 3178 397 3260 cipes
420 3176 522 3242 locum
545 3177 711 3244 obtineret.
757 3181 873 3246 Tersas
897 3186 955 3261 est,
977 3181 1120 3261 Latinus,
1143 3185 1264 3255 acutus,
1287 3180 1435 3259 eruditus,

312 3278 411 3345 facilis
434 3283 492 3344 etc.

517 3382 563 3447 ld.
587 3384 639 3450 lih.
663 3385 777 3453 XXIV.
803 3405 872 3468 cap.
895 3387 940 3452 IV
962 3387 1018 3454 col.
1045 3390 1141 3450 1178:

398 3486 497 3564 Quem
520 3488 704 3570 scriptorem
734 3489 919 3572 Dionysium
948 3489 1100 3556 Catonem
1129 3508 1167 3554 ex
1195 3487 1385 3555 membranis
1406 3487 1437 3551 in

313 3587 417 3654 Gallia
435 3590 572 3671 repertis
594 3590 688 3656 hodie
711 3592 912 3657 eruditissimi
935 3593 994 3657 viri
1017 3591 1237 3676 appellandum
1260 3595 1436 3670 sanxerunt,

311 3691 339 3756 is
361 3691 480 3757 dudum
503 3693 671 3759 admodum
693 3702 759 3773 est,
788 3714 858 3761 cum
881 3696 1007 3778 ignotus
1034 3695 1095 3760 fuit
1122 3695 1262 3769 nomine,
1292 3698 1325 3759 et
1347 3691 1436 3757 simul

312 3810 436 3875 quoque
460 3795 614 3860 iuventuti
630 3799 809 3878 propositus
833 3798 874 3862 ad
892 3797 1087 3880 jungendam
1111 3816 1181 3862 cum
1197 3796 1370 3860 Latinitate
1391 3812 1436 3858 sa-

313 3897 476 3979 pientiam,
500 3915 561 3979 quo
584 3896 683 3965 officio
710 3899 802 3966 hodie
833 3918 957 3983 quoque
986 3899 1137 3982 fungitur.
1183 3897 1361 3981 Utmmqne
1383 3915 1436 3962 nos

313 3999 404 4066 docet
425 4001 565 4067 Joannes
590 4000 840 4070 Sareshmiensis
859 4004 925 4069 sire
941 4001 1143 4069 (farnotensis
1159 4003 1273 4085 potius,
1297 4003 1436 4082 quiante

313 4121 411 4169 annos
436 4104 502 4185 jam
530 4103 596 4170 fere
618 4106 806 4188 quingentos
835 4106 960 4186 scripsit
988 4106 1069 4172 lihro
1090 4106 1162 4171 Vll.
1194 4105 1233 4170 dc
1255 4104 1356 4187 Nugis
1379 4103 1436 4168 Gn-

312 4206 379 4272 rial.
403 4225 470 4288 cap.
495 4208 550 4273 IX.
574 4215 632 4276 etc.
671 4210 708 4274 ln
724 4209 844 4276 Scholis
866 4209 992 4290 quidem
1014 4209 1207 4292 praelectum
1230 4208 1322 4274 docet
1344 4207 1435 4273 etiam

382 4432 403 4500 Ι)
420 4431 491 4485 Haeo
509 4432 535 4485 in
553 4432 624 4484 lldit.
643 4432 724 4487 Paris,
744 4432 898 4484 omittuntur.
