3148 5102
613 447 753 500 Paeana
768 447 819 498 TO.

242 604 383 672 Extremi
406 621 516 670 versus
539 606 614 670 sunt
634 603 681 668 hi:

309 707 412 776 Nemo
435 709 477 776 sit
499 707 616 775 oblitus
637 706 734 774 fuerit
756 725 825 773 cuna
849 707 948 774 multa
967 710 1097 792 peritus.
1153 697 1156 710 ’

310 813 409 892 Quem
433 813 503 894 plus
527 811 669 878 addiscat
691 831 731 876 ue
755 811 874 878 discere
894 829 990 892 queso
1013 813 1139 882 fatiscat

309 913 424 980 Nullus
447 915 588 980 mIretur.
611 913 729 979 nudum
753 913 779 978 si
802 931 928 982 carmen
950 913 1094 984 habetur.

310 1019 401 1083 Mens
424 1017 613 1100 paupertina
636 1016 796 1081 coniunxit
818 1017 956 1082 carmina
978 1018 1062 1084 bina.
1071 1018 1095 1104 ⁴)
1209 1078 1213 1096 s

242 1121 299 1204 (9.)
332 1121 408 1188 Ood.
444 1121 502 1204 Gg.
539 1125 567 1186 5.
603 1125 643 1186 35
678 1121 711 1186 in
743 1120 824 1186 Bibl.
861 1121 1001 1188 Vnivers.
1033 1123 1213 1208 cantabrig.
1241 1127 1281 1193 ad
1299 1145 1433 1189 Vnimasc,

154 1244 235 1292 saec.
259 1225 307 1290 XI
328 1224 486 1307 pertinens
508 1227 581 1306 post
602 1223 766 1289 innumera
788 1242 869 1306 quae
892 1229 956 1290 406
979 1225 1060 1290 ioli1s
1087 1229 1279 1296 membrana·

156 1329 221 1395 cois
244 1329 363 1394 octonis
385 1328 629 1410 praemittuntur
651 1331 797 1410 poemata
813 1327 950 1405 quenci,
974 1327 1102 1408 Sedulii,
1124 1331 1280 1415 Prospera

155 1431 329 1507 Prudentii‚
352 1429 517 1508 Lactantii‚
548 1429 659 1510 Booti,
688 1430 766 1495 Rab.
791 1429 903 1510 Mauri,
932 1433 1110 1514 Augustini,
1134 1434 1280 1518 Athelmi,

156 1534 283 1600 Milonis
306 1532 487 1616 (Monachi),
517 1531 702 1616 symphosii,
733 1533 890 1608 Althelmi,
913 1535 1073 1618 Hughaldi
1096 1537 1281 1623 (Responsio

156 1639 198 1704 de
218 1638 313 1704 laude
336 1636 503 1702 Calvorum
524 1637 556 1702 in
579 1636 652 1704 folio
677 1637 751 1721 364)
777 1638 957 1705 conlocatus
980 1644 1029 1706 est
1052 1639 1181 1710 Catonis
1203 1643 1283 1711 liber

156 1743 190 1807 in
225 1739 408 1817 sexionis,
441 1741 496 1822 qur
527 1740 724 1807 inserimur:
761 1739 922 1807 incursu
949 1742 1059 1809 sena
1092 1731 1282 1814 carosus.

159 1845 228 1911 Lib.
251 1845 267 1910 I
288 1843 350 1911 lert
370 1844 624 1926 inscriptionem:
648 1843 846 1910 EXPLICIT
867 1843 989 1911 EPLA.
1021 1846 1179 1916 INCIPIT
1201 1851 1282 1916 LIB.

158 1949 282 2014 PRIM9
304 1947 503 2014 ‘CATONIS
541 1947 679 2031 Singulis
704 1948 892 2028 quibusdam
907 1950 1011 2018 verbis
1025 1953 1187 2035 pauciores
1202 1955 1284 2037 glos·

160 2051 248 2118 sulae
263 2050 355 2116 datae
371 2055 454 2126 sunt,
477 2054 522 2128 ut,
545 2050 588 2131 I‚l
608 2050 744 2117 cosmas.
762 2053 925 2134 sapientia.
942 2055 1095 2122 carrarias.
1111 2057 1282 2140 gentilium.

160 2153 212 2218 laic
233 2174 258 2220 s.
282 2155 369 2220 deus
388 2175 485 2240 paro.
508 2153 629 2220 sincera
652 2159 710 2220 etc.

247 2258 283 2322 In
295 2254 356 2322 fine
368 2255 516 2339 leguntur
526 2256 619 2323 haec:
644 2257 823 2340 „Incipiunt
837 2272 947 2324 versus
964 2258 1148 2328 Columbani
1159 2262 1283 2330 abbatis

161 2360 311 2428 debonis
333 2360 473 2426 moribus
497 2361 731 2430 observandis2“
771 2361 813 2427 Hi
829 2380 939 2429 versus
956 2363 1059 2430 tribus
1082 2363 1163 2431 foliis
1186 2370 1219 2432 et
1239 2367 1283 2432 di-

160 2465 257 2530 midio
280 2465 478 2531 continentur
500 2469 533 2530 et
555 2465 598 2530 sic
620 2465 781 2532 inchoant:

264 2569 350 2635 Haec
372 2573 542 2652 praecepta
563 2569 650 2650 legat
672 2569 803 2636 devotus
827 2573 859 2636 et
880 2569 1009 2654 impleat
1031 2576 1104 2638 actu

264 2673 424 2739 Virtutum
448 2673 549 2740 tituhs
571 2673 667 2738 vitam
690 2673 743 2756 qui
766 2677 879 2756 querat
899 2673 1063 2741 honestam
1087 2679 1145 2742 etc.

231 2815 254 2878 ⁴)
273 2813 376 2866 Praeter
393 2812 460 2864 hauc
475 2809 592 2864 Codicem
609 2811 768 2864 vetustiorem
786 2811 830 2864 alii
847 2811 873 2864 in
884 2809 951 2868 Bibl.
967 2813 1108 2866 Bodleiaaa
1122 2815 1285 2868 adservantur

162 2899 264 2952 minoris
282 2898 382 2952 aetatis:
406 2964 411 2970 ἥ

231 2987 259 3052 a)
278 2985 339 3038 Cod.
358 2985 423 3048 328,
442 3001 486 3037 sex
504 2983 572 3036 foliis
590 2983 786 3038 membranaceis
811 2984 907 3037 octonis
928 2993 1056 3051 constans,
1081 3005 1144 3054 quae
1160 2987 1284 3056 integrum

162 3075 283 3128 Catonem
301 3073 428 3126 exhibent.
464 3071 573 3124 Saeculo
591 3071 661 3126 XIV.
685 3073 750 3124 bene
770 3079 796 3124 et
813 3079 921 3124 correcte
939 3079 1054 3124 exaratus
1072 3081 1118 3129 est.
1153 3073 1284 3126 Paucissi-

161 3179 218 3214 mae
236 3163 262 3234 ip
280 3178 310 3214 eo
328 3177 430 3212 maurae
448 3159 642 3226 conspiciuntur.
673 3159 775 3212 (lentuli
788 3160 921 3228 epistolam
933 3159 1100 3228 praemissam
1112 3167 1137 3214 et
1149 3167 1284 3229 praecepta

161 3251 277 3317 prosaica
294 3248 452 3315 primumque
469 3247 561 3298 librum
580 3245 712 3313 integrum.
820 3281 827 3296 .

230 3335 258 3402 b)
276 3335 337 3388 eod.
355 3335 385 3386 E.
404 3335 463 3391 633.
481 3335 585 3386 membr.
604 3350 669 3384 sace.
687 3332 757 3384 XIV.

235 3423 258 3489 c)
276 3421 338 3474 Cod.
357 3421 387 3474 B.
404 3420 436 3474 N.
454 3420 531 3487 Digb.
548 3413 572 3474 3.
590 3419 616 3470 in
629 3419 766 3470 chartaceis
779 3425 876 3486 septem
888 3418 955 3470 foliis
968 3421 1063 3472 formae
1076 3419 1212 3488 quadratae
1224 3421 1287 3476 min.

162 3510 283 3563 Catonem
301 3509 418 3560 offerens.
453 3506 514 3557 Alia
532 3513 632 3572 praeter
650 3503 771 3558 Catonem
788 3507 836 3557 hoc
852 3505 979 3561 volumine
992 3505 1156 3572 contineatur,
1174 3513 1204 3558 ut
1224 3505 1287 3556 Car-

161 3613 218 3648 men
236 3595 268 3647 de
289 3595 381 3660 Tabia,
401 3593 476 3662 quod,
495 3601 524 3645 ut
542 3593 568 3644 in
586 3593 624 3646 ed.
639 3592 782 3644 Mhldeneri
803 3593 926 3660 (Gotting.
950 3591 1028 3658 1855)
1046 3593 1148 3660 incipit:
1166 3594 1206 3644 Ex
1227 3611 1287 3660 agro

161 3682 240 3735 veteri
257 3683 378 3738 virtutum
397 3681 493 3734 semina
510 3696 608 3732 morum
626 3686 672 3730 etc.
702 3678 834 3746 Inscriptio
847 3677 935 3730 Catoni
952 3695 1003 3730 uon
1021 3679 1081 3730 data
1098 3685 1145 3730 est.
1170 3675 1289 3729 Secunda

161 3767 276 3820 eiusdem
299 3767 388 3818 aetatis
414 3783 504 3817 manus
530 3766 556 3816 in
575 3765 645 3816 calce
663 3765 810 3832 adscripsit:
839 3765 999 3817 EXPLICIT
1021 3765 1112 3818 CATO
1136 3763 1288 3818 surinus,

161 3853 257 3906 &dem
270 3852 418 3920 saepissime
436 3851 512 3903 erasit
529 3859 554 3902 et
572 3853 677 3902 correxit
695 3860 771 3917 atque
788 3851 922 3918 aliquoties
940 3851 1038 3904 addidit
1054 3851 1135 3904 sarias
1153 3849 1288 3903 lectiones.

230 3939 259 4003 d)
278 3939 339 3991 (iod.
357 3939 398 4004 58,
417 3939 486 4006 apud
503 3938 639 3990 Hattoaesa
657 3935 711 3990 cod.
731 3939 773 3998 40,
798 3937 935 3990 chartaceis
957 3954 1002 3989 sex
1024 3936 1092 3989 loliis
1111 3943 1238 3998 constans,
1256 3938 1288 3988 ab

162 4025 234 4077 initio
253 4032 329 4092 atque
352 4024 377 4076 iu
400 4024 451 4076 fine
469 4023 582 4085 mutilus,
607 4021 709 4074 saeculo
727 4021 776 4072 XV
793 4022 891 4089 pallido
918 4030 1058 4074 chamanto
1081 4023 1148 4074 male
1167 4029 1289 4091 exaratus,

232 4111 257 4178 e)
274 4109 296 4164 B
324 4109 356 4162 N.
374 4109 453 4163 Rawl.
472 4113 515 4172 60,
534 4111 670 4162 chartaceis
688 4127 777 4162 novem
795 4110 863 4162 foliis
881 4117 1009 4172 constans,
1027 4125 1092 4160 saec.
1110 4108 1167 4161 XV.
1185 4109 1290 4162 ineunte

162 4207 288 4262 exaratus,
306 4205 405 4266 praeter
422 4197 473 4249 alis
491 4197 614 4266 integrum
632 4197 754 4250 Catonem
773 4197 904 4250 exhibeas.
932 4195 1038 4264 Incipit:
1057 4196 1121 4248 cum
1139 4195 1224 4248 anima
1240 4196 1288 4248 ad·

161 4293 284 4338 verterem
301 4293 347 4337 etc.
383 4285 412 4336 Ia
430 4283 482 4335 fine
500 4284 680 4337 sententiarum
704 4284 858 4352 pedestrium
875 4281 980 4350 legitur:
1004 4267 1114 4351 Explicit
1130 4282 1195 4335 liber
1210 4282 1288 4348 pas-oi

166 4369 279 4436 came,
297 4371 324 4424 in
340 4369 410 4424 calce
429 4375 527 4423 autema

373 4455 484 4528 Explicit
500 4457 541 4514 hic
558 4465 613 4512 osto
632 4457 694 4514 daus
711 4457 875 4527 cssdgsmiaa
891 4463 947 4510 rato
964 4455 1052 4524 (asto).

1348 1217 1387 1258 XI.
