3148 5102
566 369 568 376 ¹
647 411 751 465 ninus
767 413 787 464 1.

264 568 292 628 2.
327 565 402 632 Plus
424 565 518 650 vigila
543 584 680 649 semper:
703 586 743 632 ne
766 585 873 634 somno
900 567 1025 634 deditus
1048 573 1131 645 estu

325 669 407 736 Nam
430 670 579 736 diuturna
601 671 689 753 quies
712 669 796 736 vitiis
819 671 966 739 alimenta
988 673 1153 740 ministrat.

233 777 237 784 ’
266 778 294 838 3.
331 773 488 838 Virtutem
511 776 642 856 primam
665 793 734 840 esse
755 781 841 856 puto,
866 794 1052 858 conpescere
1073 779 1227 860 linguam:

324 877 489 943 Proximus
513 877 564 944 ille
587 879 652 944 Deo
676 883 733 958 est,
756 878 810 958 qui
832 879 892 943 scit
913 879 1034 946 ratione
1056 886 1169 947 tacere.

232 1031 261 1083 Si
280 1031 350 1084 Deus
369 1041 408 1084 est
425 1033 530 1096 animus,
549 1033 626 1083 animi
644 1033 677 1084 sit
698 1041 782 1083 mente
800 1033 928 1084 colendus.
962 1034 1035 1086 Meus
1060 1036 1136 1086 animi
1153 1035 1242 1088 Plauto
1260 1045 1285 1089 et

158 1118 268 1181 Catullo,
286 1137 334 1184 pro
352 1119 444 1180 animo,
461 1127 503 1170 aut
521 1136 567 1186 pro
586 1118 687 1172 meute'.
725 1118 827 1170 Similes
842 1120 979 1171 sententiae
1002 1121 1069 1188 apud
1092 1121 1207 1188 antiquos
1226 1133 1285 1174 sunt

157 1205 346 1272 frequentiores,
365 1215 393 1256 ut
410 1206 461 1258 cie.
479 1208 510 1257 N.
530 1207 560 1260 1),
579 1207 625 1260 25:
645 1205 733 1266 Cultus
751 1215 837 1257 aulem
855 1205 965 1257 Deorum
984 1214 1023 1258 est
1040 1208 1148 1273 optimus
1166 1207 1283 1274 idemque
1372 1269 1374 1274 Ι

157 1293 313 1343 castissimus
331 1301 408 1358 atque
426 1293 600 1344 sanctissimus
623 1293 837 1360 plenissimusque
859 1292 970 1360 pietatis,
987 1301 1016 1344 ut
1034 1310 1076 1344 eos
1095 1311 1195 1360 semper
1212 1312 1281 1361 pura,

157 1378 260 1445 integra,
279 1379 421 1445 incorrupta
446 1379 471 1429 et
488 1385 572 1431 mente
590 1387 692 1430 atroce
710 1395 867 1431 veneremur.
902 1379 970 1431 Plin.
988 1377 1083 1446 Paneg.
1103 1379 1169 1433 Trai.
1186 1381 1232 1442 ΙΙΙ,
1250 1383 1282 1436 5:

156 1464 336 1516 Animaduerto
355 1465 428 1527 enim,
447 1465 523 1516 etiam
541 1464 608 1516 Deos
628 1467 698 1531 ipsos
717 1483 768 1516 non
787 1473 841 1516 tam
859 1465 980 1517 accuratis
997 1464 1152 1516 adorantium
1165 1467 1282 1532 precibus

156 1568 232 1617 quam
250 1551 392 1603 innocentia
416 1559 442 1603 et
459 1553 591 1604 sanctitate
614 1551 701 1603 laetari
727 1553 910 1620 gratioremque
934 1551 1085 1613 existimari,
1112 1552 1155 1619 qui
1173 1552 1282 1604 delubris

155 1653 242 1687 eorum
260 1645 404 1704 castamque
422 1645 539 1704 mentem,
560 1655 634 1705 quam
653 1638 696 1704 qui
715 1639 861 1690 meditatum
880 1629 978 1689 carmen
997 1635 1115 1688 intulerit.
1135 1637 1200 1692 conf.
1219 1637 1281 1690 Per-

155 1723 208 1774 sius
226 1723 259 1784 ΙΙ,
285 1724 325 1778 73.
344 1726 378 1778 74
396 1731 442 1775 ete.
479 1721 511 1774 ut
533 1733 572 1776 est
596 1725 668 1792 quia,
694 1725 906 1792 quandoquidem.
931 1732 959 1774 ut
981 1722 1054 1774 nobis
1080 1725 1138 1777 Bas,
1157 1723 1221 1776 Ven.
1241 1727 1281 1794 91·

155 1809 272 1861 Carmina
289 1803 398 1879 ᾄσματα
415 1809 460 1860 καὶ
477 1807 604 1880 ᾀδόμενα,
625 1811 689 1862 dicta
700 1819 837 1878 poetarum,
856 1819 883 1862 ut
902 1809 1003 1877 Orphei,
1022 1817 1047 1860 et
1064 1809 1280 1878 philosophorum,

155 1898 295 1949 sententiae
315 1899 401 1950 breves
419 1897 453 1948 ad
470 1915 567 1950 morum
586 1899 701 1965 vitaeque
719 1898 900 1950 institutionem
918 1896 1079 1964 pertinentes,
1097 1904 1125 1947 ut
1139 1897 1186 1948 luit
1204 1897 1281 1949 (lato-

133 1985 194 2040 .nis
214 1983 321 2037 Carmen
340 1985 372 2036 de
390 1985 509 2046 moribus,
527 1985 606 2052 Appii
624 1984 697 2036 Caeci
710 1983 815 2036 Carmen
835 1985 868 2036 al.
882 1982 1000 2034 carmina
1013 1983 1028 2035 i.
1043 1982 1183 2050 sapientum
1195 1992 1280 2036 aucto-

154 2072 240 2122 ritates
264 2071 299 2138 gl.
317 2070 346 2121 B.
369 2070 415 2121 tibi
437 2072 453 2123 i.
476 2089 526 2122 non
550 2071 710 2138 pontificibus
733 2070 956 2136 sacerdotibusque
980 2073 1005 2122 et
1030 2063 1179 2122 mulieribus
1199 2053 1282 2136 neque

154 2157 220 2223 patri
247 2157 316 2215 (Ter.
344 2157 453 2224 Adelph.
471 2159 516 2220 IV,
535 2160 559 2224 5,
579 2158 623 2224 69)
649 2175 732 2226 neque
760 2157 832 2208 matri
859 2156 909 2208 (lic.
937 2173 978 2223 ep.
996 2154 1066 2218 XIV,
1084 2159 1108 2210 4.
1131 2157 1282 2224 praecipuae

153 2242 224 2294 Leid.
243 2243 274 2294 II.
292 2245 429 2310 precipuae
447 2243 529 2296 Turia.

223 2329 246 2382 1.
273 2344 305 2379 uc
324 2327 464 2380 SXBKMF
481 2329 560 2382 Rawl.
580 2331 622 2388 59.
641 2330 682 2383 Pr.
702 2330 772 2383 Cart.
792 2331 850 2385 861.
869 2330 910 2385 83·
931 2329 995 2381 Veu.
1015 2331 1055 2384 93.
1087 2328 1217 2381 Bas.1tal'.
1235 2345 1281 2380 nec

153 2413 209 2464 rell.
229 2423 253 2466 et
270 2414 359 2467 Leidd.
378 2415 397 2466 Ι.
416 2416 448 2468 II.
468 2415 532 2467 coll.
551 2415 710 2482 Voss.,Aug.
729 2416 805 2466 Viud.
825 2415 905 2468 Euch.
918 2415 1000 2466 Trem.
1012 2415 1095 2469 Pulm.
1114 2418 1195 2466 Paris.
1214 2415 1279 2468 Flor.
1364 2423 1366 2428 '

153 2501 229 2554 Fran.
249 2501 354 2553 ScrIver.
372 2501 461 2556 Daum.
482 2502 612 2568 (Arntuen)
631 2503 695 2554 conf.
716 2502 736 2564 1,
757 2505 788 2556 17
807 2502 838 2554 de
856 2521 878 2553 v.
897 2520 929 2553 ne
947 2510 973 2554 et
985 2519 1039 2554 nec.
1066 2502 1206 2568 Vtrumque
1223 2501 1281 2554 ferri

153 2593 245 2654 potest.
279 2584 333 2638 ‘Ne
351 2605 402 2638 nou
420 2588 532 2655 pessime
550 2590 645 2640 editum
664 2597 709 2650 est,
726 2596 754 2641 ut
771 2590 879 2640 Arntzen
898 2589 1000 2650 iudicat,
1023 2588 1068 2640 sed
1086 2589 1147 2640 mihi
1165 2589 1222 2640 ideo
1240 2589 1281 2642 hic

153 2673 346 2739 praeferendum
364 2675 474 2736 videtui,
498 2674 567 2740 quod
584 2675 650 2726 idem
674 2683 834 2742 praeceptum
859 2675 975 2741 negative
992 2681 1018 2726 et
1036 2675 1169 2741 separatim
1188 2675 1280 2726 dictum

154 2769 201 2821 est,
220 2761 287 2827 quod
307 2761 388 2828 priore
405 2777 492 2812 versus
517 2767 586 2826 parte
610 2768 677 2811 recto
696 2760 800 2811 consilio
824 2761 1013 2828 pronuntiatum
1032 2769 1099 2821 erat;
1124 2745 1279 2828 aliquantum

154 2847 242 2898 fortius
260 2848 308 2898 hoc
326 2847 406 2898 sentio
424 2854 498 2913 atque
517 2843 680 2914 elegantius,
706 2864 794 2898 somno
818 2847 889 2898 codd.
907 2854 966 2899 vett.
987 2856 1015 2898 ut
1033 2847 1155 2909 RYSHE‚
1174 2866 1279 2913 sompno

154 2950 218 2985 recc.
235 2940 265 2984 ut
282 2932 382 2984 BKMX
399 2942 444 2985 etc.
464 2951 552 2985 somno
570 2933 677 2995 deditus,
696 2941 724 2984 ut
742 2933 827 2985 Aurol.
844 2934 908 2986 Vict.
928 2933 1052 2994 XXXIII,
1072 2937 1100 2988 I:
1125 2934 1197 2986 multi
1215 2952 1279 2986 mor-

154 3020 219 3072 tales
238 3020 315 3071 dediti
333 3020 411 3070 ventri
429 3035 460 3071 ac
478 3036 573 3071 somno.
593 3019 695 3070 deditus
718 3029 852 3086 usurpatur
871 3021 895 3070 in
914 3038 940 3072 re
958 3021 1024 3073 mala
1042 3029 1067 3073 et
1084 3021 1158 3074 bona.
1182 3021 1280 3072 libidini

154 3107 208 3158 cie.
228 3107 282 3159 ltin.
302 3107 334 3168 II,
353 3109 394 3162 10.
422 3106 533 3158 desidiae
560 3107 610 3158 cto.
634 3107 702 3158 Orat.
721 3108 762 3162 43.
791 3107 916 3159 doctrinae
943 3107 994 3158 (lic.
1018 3107 1065 3157 eff.
1083 3108 1102 3168 I,
1128 3109 1169 3162 11.
1196 3108 1279 3158 studio

154 3193 292 3246 litterarum
312 3193 362 3245 Cic.
381 3193 448 3245 Orat
467 3193 487 3255 I,
505 3194 522 3248 3
540 3203 586 3246 etc.
613 3193 671 3247 Gul.
690 3192 750 3244 Brit.
769 3193 824 3246 Lib.
842 3193 898 3244 XII.
917 3193 983 3245 Phil.
1002 3211 1025 3245 v.
1044 3193 1108 3248 362:

392 3282 430 3331 Ne
448 3280 513 3331 vitiis
531 3279 650 3332 alimenta
668 3280 739 3346 qules
758 3279 874 3330 diuturna
892 3279 1023 3331 ministret.

153 3367 273 3418 Erasmus
291 3366 327 3418 sic
345 3368 446 3433 exponit
464 3384 579 3418 sensum:
601 3361 677 3417 ‘Cum
694 3366 745 3417 vita
763 3365 841 3432 vigile
859 3365 904 3425 sit,
929 3366 997 3416 iuxta
1014 3365 1124 3416 Plinium
1142 3366 1278 3418 carendum

155 3462 201 3521 eat,
222 3471 254 3505 ne
272 3454 404 3505 maximam
424 3453 487 3503 vitae
505 3461 601 3519 partem
625 3469 712 3503 somno
736 3451 883 3518 perdamus,
909 3451 1055 3518 praesertim
1073 3469 1129 3502 cum
1146 3470 1161 3503 e
1179 3469 1277 3503 somno·
1358 3513 1360 3520 y

155 3541 236 3592 lentis
253 3541 311 3592 vitia
329 3540 408 3591 multa
425 3546 560 3590 nascantur
578 3547 604 3590 et
622 3538 731 3604 corporis
750 3545 775 3588 et
792 3531 889 3588 animi'.

218 3629 246 3682 3.
271 3627 384 3694 primam
402 3627 418 3678 i.
436 3627 584 3694 primariam.
620 3623 681 3676 Hor.
700 3625 729 3676 11.
748 3625 767 3691 1,
790 3627 811 3688 l,
831 3627 872 3678 41.
894 3623 1017 3690 sapientia
1034 3625 1115 3690 prima
1132 3624 1192 3674 Hor.
1211 3622 1237 3676 S.
1257 3624 1276 3688 l,

156 3716 179 3778 6,
198 3715 244 3770 83:
265 3715 314 3778 Qui
332 3715 427 3782 primus
445 3712 541 3764 virtutis
560 3712 647 3762 honos.
666 3718 725 3778 puto
743 3709 954 3761 RHSYETVBX
970 3709 1041 3777 (puto
1060 3727 1116 3761 esse
1132 3709 1160 3760 M
1171 3709 1275 3763 Membr.

153 3802 258 3868 primam
277 3810 337 3868 pute
356 3819 405 3852 om.
430 3818 486 3852 esse
511 3799 552 3849 Pr.
575 3797 629 3851 Ital.
649 3795 706 3850 Bas.
725 3813 781 3848 cum
799 3797 898 3864 glossa:
923 3795 1100 3863 suppleuere).
1136 3795 1276 3846 Planudes:

153 3883 235 3949 οἶμαι.
254 3885 308 3939 rell,
329 3896 399 3954 puto.
435 3887 560 3954 Scaliger:
580 3881 655 3951 ἡγοῦ,
674 3884 782 3935 addens:
804 3884 927 3951 Imposuit
942 3883 1051 3934 Planudi
1069 3884 1172 3935 vitiosus
1185 3883 1275 3942 codex;

152 3990 210 4024 uam
228 3973 368 4024 sententiae
386 3972 559 4038 concipiuntur
572 3970 725 4037 imperative,
743 3987 793 4020 non
812 3971 893 4035 prima
904 3971 1027 4036 persona'.
1059 3969 1110 4020 Sed
1128 3969 1276 4035 optimorum

153 4067 210 4110 vett.
229 4060 343 4110 codicum
361 4059 434 4110 lectio
453 4044 554 4110 defendi
572 4066 656 4124 potest
673 4057 817 4108 auctoritate
829 4064 940 4124 paterna.
954 4072 1101 4120 conpescere
1113 4057 1129 4108 i.
1144 4056 1275 4120 continere,

152 4145 298 4198 translatum
316 4164 332 4197 a
349 4146 505 4212 pastoribus,
530 4146 574 4210 qui
596 4143 672 4210 pecu's
700 4143 798 4209 pascuis
818 4142 951 4194 continent.
975 4141 1069 4208 liupana
1085 4140 1139 4193 ΒΧ.
1158 4141 1205 4192 deo
1223 4140 1284 4205 qui,'

152 4251 201 4286 om.
220 4241 264 4296 est,
283 4234 334 4288 318
351 4232 379 4283 M
396 4233 533 4288 1199159.
553 4231 622 4283 Gara
640 4231 700 4286 861.
718 4229 776 4282 Bas.
794 4231 891 4284 Erasm.
910 4228 1007 4296 Gryph.
1027 4229 1099 4282 Cruc.
1117 4229 1149 4280 al.
1180 4229 1276 4280 Similis

152 4324 277 4375 sententia
294 4339 335 4388 ap.
354 4321 485 4372 Claudiau.
503 4321 598 4388 Paneg.
618 4318 694 4370 Manl.
708 4318 834 4369 Theodor.
853 4335 874 4369 v.
893 4317 955 4370 326:
975 4315 1019 4366 Dis
1032 4318 1159 4382 proximus
1172 4310 1222 4394 1119Ι
1229 4324 1275 4377 eat,

153 4427 228 4478 quem
246 4409 326 4469 ratio,
351 4425 402 4460 non
426 4408 461 4460 ira
479 4415 569 4460 movet.
605 4405 670 4458 Just.
691 4405 766 4466 VIII,
785 4406 809 4464 1,
838 4406 917 4459 leto.
943 4402 1038 4454 ratione
1059 4403 1199 4454 Planudes:
1226 4399 1275 4451 σὺν
