3170 5090
681 427 782 482 LIBER
798 430 843 486 IV.

245 585 294 651 39.
328 583 412 651 Cede
435 585 537 651 locum
558 585 664 652 laesus
686 585 853 668 Fortunae,
877 587 952 654 cede
974 588 1110 669 potenti:

328 688 470 756 Laedere
492 688 546 773 qui
567 690 679 778 potuit,
702 690 851 773 prodesse
872 689 1040 774 aliquando
1062 691 1187 758 valebit.

242 795 293 856 40.
329 790 408 883 Cum
433 791 509 874 quid
530 793 677 874 peccaris,
700 793 820 874 castiga
841 798 872 858 to
893 793 961 876 ipse
983 793 1128 860 subinde:

328 894 467 960 Vulnera
490 895 563 960 dum
586 913 690 977 sanas,
713 895 801 960 dolor
824 901 872 962 est
893 896 1047 963 medicina
1069 897 1196 991 doloris.

242 1001 292 1062 41.
327 997 492 1063 Damnatis
515 1015 686 1078 numquam
707 1003 780 1080 post
801 998 929 1082 longum
952 1003 1074 1082 tompus
1097 1001 1248 1069 amioum:

330 1101 470 1166 Mutavit
491 1120 602 1181 mores,
624 1103 680 1167 sed
702 1103 835 1184 pignora
855 1102 957 1184 prima
972 1109 1135 1170 memento.

243 1206 293 1270 42.
329 1201 461 1268 Gratior
482 1202 602 1283 officiis,
625 1222 687 1285 quo
710 1206 752 1270 sis
774 1224 865 1288 mage
885 1206 995 1286 carim,
1018 1210 1095 1288 esto,

329 1305 378 1374 Ne
400 1325 513 1373 nomen
535 1307 658 1388 sabaea,
681 1308 765 1391 quod
788 1308 896 1373 dicunt
917 1307 1098 1392 officiperdi.

220 1512 281 1580 cipit
297 1513 360 1577 filio,
386 1531 419 1565 ne
437 1513 569 1577 existimet,
595 1531 621 1566 se
639 1522 685 1566 aut
702 1515 807 1566 mistum
824 1516 877 1583 (aa
893 1523 1027 1584 utrumque
1044 1516 1110 1570 enim
1132 1518 1218 1570 referri
1241 1519 1343 1584 potest’)

220 1600 324 1668 placare
333 1601 423 1663 Deum,
437 1609 463 1652 et
480 1602 541 1652 iram
560 1601 668 1654 divinam
686 1602 808 1669 mitigare,
826 1603 847 1653 si
866 1605 922 1671 ipse
940 1613 984 1655 aut
1001 1604 1093 1656 vitulus
1111 1603 1187 1656 caede
1211 1603 1296 1665 litarit‚
1315 1605 1342 1654 id

223 1697 271 1748 est,
290 1688 356 1738 bone
373 1688 457 1738 omina
474 1688 630 1755 impetravit'.
649 1687 707 1738 cede
731 1706 775 1755 pro
798 1688 875 1740 caede
897 1691 924 1739 in
945 1689 1073 1740 nonnullis
1090 1688 1162 1740 codd.
1187 1697 1213 1741 et
1229 1690 1286 1742 edd.
1304 1691 1343 1741 le·

219 1773 293 1840 gitur,
312 1780 341 1824 ut
358 1772 435 1823 caede
454 1791 500 1839 pro
519 1773 580 1825 eade
598 1774 624 1825 iu
642 1773 748 1825 disticho
765 1781 893 1840 sequente.
1056 1829 1063 1844 ,

289 1861 330 1916 39.
350 1859 433 1911 Caede
451 1860 485 1921 Η,
503 1869 531 1912 nt
549 1860 608 1911 cede
626 1861 652 1911 in
669 1861 831 1912 antecedente
844 1859 959 1912 disticho.
991 1854 1081 1911 Ursus:
1100 1859 1215 1914 romonae
1226 1861 1290 1915 Ven.
1301 1864 1342 1916 91.

222 1947 259 1998 sic
276 1945 387 1997 distinxit
404 1945 533 1997 Planudes
551 1957 661 1998 vertens:
686 1944 740 2004 Δὸς
757 1944 837 1996 τόπον
857 1944 988 2016 ὴνορέῃφι
1006 1943 1099 2015 τύχης,
1117 1943 1161 1996 καὶ
1183 1943 1275 1998 dracas
1294 1963 1341 1998 κα-

220 2031 329 2090 aedeis.
361 2032 516 2094 Quibuscum
533 2034 645 2084 conferas
664 2031 864 2083 emendationem
881 2031 1028 2084 aWithofio
1046 2050 1071 2098 p.
1089 2031 1138 2086 571
1156 2033 1324 2099 propositam:
1356 2057 1358 2060 ·

426 2119 493 2170 che
511 2119 594 2170 locum
611 2119 697 2170 lesus:
715 2119 832 2176 samanae,
846 2119 907 2172 cede
924 2117 1047 2184 potentin

431 2203 524 2256 Cedere
543 2204 586 2270 qui
603 2207 695 2272 potuit.
705 2208 818 2272 sortasse
836 2203 969 2272 aliquando
987 2201 1087 2254 valebit.

223 2290 327 2342 ‘Sensus
346 2289 475 2356 paulisper
493 2273 558 2343 alius
579 2292 703 2360 longeque
720 2293 763 2344 hic
780 2291 943 2360 opportunior
959 2298 1009 2341 est:
1030 2290 1106 2352 Cede,
1122 2290 1211 2358 inquit,
1218 2293 1344 2358 fortunae

221 2375 326 2426 bominis
341 2374 466 2440 poteratis;
483 2394 541 2427 nam
560 2379 603 2444 qui
621 2379 709 2434 eadere
726 2379 816 2445 potuit,
835 2379 858 2429 is
875 2380 983 2428 tortasse
1001 2375 1136 2442 aliquando
1153 2376 1261 2427 vicissim
1273 2378 1342 2428 vale·

222 2462 266 2522 bit,
285 2470 311 2513 et
327 2470 417 2530 potens
435 2461 498 2516 erit'
519 2463 602 2548 ¹laesis
624 2464 728 2515 Membr.
747 2463 820 2540 Voss.
844 2465 928 2515 laesus
950 2464 988 2514 vel
1010 2462 1086 2514 laetis
1109 2461 1176 2513 Mox.
1200 2461 1277 2512 coede
1295 2480 1342 2529 po-

222 2559 286 2610 tanti
302 2559 333 2608 R.
351 2557 412 2609 cede
429 2550 530 2636 potente}
551 2558 632 2610 Turio.
650 2559 675 2624 (e
693 2558 785 2626 expm).
820 2558 931 2610 Laudare
954 2557 1009 2634 qui¹
1027 2556 1127 2625 poterit
1172 2555 1245 2608 uua
1262 2555 1341 2622 (Rae-

983 2641 1017 2677 rura

222 2685 292 2751 dere)
309 2687 371 2739 Rox.
388 2689 480 2753 poterit
496 2692 531 2752 (l.
548 2707 581 2741 m.
600 2705 723 2756 suprascr.
742 2687 836 2756 potuit)
855 2686 904 2738 HR
915 2687 1046 2754 (polllslllls.
1064 2703 1158 2737 rasura.
1178 2689 1201 2740 1.
1219 2703 1252 2738 m.
1265 2686 1338 2751 corr).

222 2772 303 2837 potuit
320 2774 418 2840 poterit,
438 2792 486 2826 om.
504 2776 639 2842 aliquando
658 2775 684 2827 S.
720 2773 837 2824 Potentes
860 2774 901 2825 hie
918 2781 978 2825 sunt
994 2771 1138 2834 Arntzenio,
1158 2773 1201 2839 qui
1217 2773 1298 2840 gratia
1315 2780 1340 2824 et

221 2858 367 2911 auctoritate
384 2861 410 2911 in
429 2863 491 2913 urbe
508 2861 599 2913 valent
629 2861 737 2912 Phaedr.
756 2861 789 2921 ΙΙ,
807 2861 831 2924 3,
852 2863 875 2914 l.
905 2859 973 2912 Flor.
992 2859 1037 2920 lv,
1055 2860 1079 2921 2,
1098 2859 1122 2912 9.
1150 2857 1214 2925 Nep.
1232 2857 1341 2920 Pausan,

221 2944 246 2996 3.
264 2943 401 3011 aliquando
418 2947 538 3013 prodesse
555 2946 656 2999 BDMV
673 2946 780 2997 Membr.
798 2945 853 2996 Ital.
872 2945 951 2996 Gaxtt.
970 2945 1028 3000 861.
1048 2945 1089 2998 83.
1116 2943 1204 2994 forsan
1221 2942 1341 3010 prodesse

224 3027 360 3096 aliquando
378 3030 408 3082 Ε.
422 3032 503 3096 potuit
522 3031 669 3100 quandoque
681 3036 801 3100 prodesse
812 3031 853 3084 Pr.
866 3031 960 3082 Latere
972 3031 1014 3098 qui
1026 3029 1107 3097 potuit
1118 3028 1210 3096 poterit
1222 3029 1342 3095 prodesse

221 3115 356 3182 aliquando
369 3117 528 3177 teitaun.
554 3119 664 3171 haedere
676 3119 720 3186 qui
737 3118 836 3186 poterit,
849 3117 969 3186 prodesse
981 3117 1115 3184 aliquando
1129 3118 1190 3181 (om.
1203 3114 1305 3179 valebit)
1315 3113 1341 3164 Z·

221 3200 332 3254 haedere
350 3219 414 3270 quae
432 3205 515 3270 potuit
534 3206 578 3272 (sc.
597 3206 718 3272 Portum)
735 3205 864 3257 Planudes
882 3205 951 3272 legit,
975 3214 1088 3256 vertens:
1107 3197 1141 3252 “H
1153 3216 1186 3268 γε
1203 3197 1258 3267 γὰρ
1277 3196 1341 3268 ἔαγε

222 3285 367 3356 λυμῆναι..
397 3290 507 3343 haedere
526 3292 595 3357 quod
612 3292 714 3360 poterit,
730 3292 851 3358 prodesse
869 3291 1006 3358 aliquando
1025 3289 1112 3340 Leidd.
1130 3288 1200 3341 1.11.
1230 3286 1341 3337 laedere

221 3375 264 3440 qui
282 3376 388 3443 poterit,
412 3379 532 3444 prodesse
554 3379 689 3446 aliquando
708 3379 802 3429 valebit
819 3377 881 3428 Rex.
899 3377 963 3427 coll.
983 3375 1056 3428 Voss.
1076 3384 1102 3426 et
1118 3375 1176 3425 Vct.
1195 3373 1257 3440 Bag.
1275 3371 1341 3423 Lae-

221 3460 279 3512 dere
297 3463 340 3528 qui
358 3463 442 3530 potuit
460 3463 541 3515 Turio.
561 3471 587 3514 et
603 3463 658 3517 rell.
679 3462 772 3514 Cedere
791 3462 834 3529 qui
851 3462 932 3529 potuit
949 3461 1043 3529 Mylius
1062 3467 1088 3512 et
1105 3458 1209 3512 Withof.
1228 3459 1245 3512 l.
1265 3458 1283 3512 l.

288 3547 329 3600 40.
356 3554 379 3596 te
396 3547 480 3612 ipsum
496 3549 538 3604 Pr.
556 3549 663 3600 subinde
679 3550 730 3600 ‘hic
753 3558 792 3603 est
815 3547 919 3612 deinde,
937 3547 1013 3614 paulo
1037 3557 1109 3614 post,
1132 3547 1201 3600 mcx’
1224 3546 1342 3597 Arntaen.

221 3636 285 3689 eous.
302 3637 364 3688 Hor.
383 3637 411 3689 Ε,
431 3637 451 3699 Ι,
470 3638 495 3700 8,
516 3637 548 3692 15
566 3645 591 3689 et
607 3637 702 3690 Duker.
720 3638 752 3689 ad
769 3637 836 3691 Flor.
854 3637 886 3700 ΙΙ,
906 3639 946 3698 10,
965 3637 990 3690 3.
1014 3635 1123 3688 dolorem
1146 3635 1219 3686 Ireid.
1237 3633 1269 3684 ΙΙ.
1295 3651 1341 3700 pro

220 3723 292 3775 dolor
307 3733 329 3776 e.

289 3813 330 3864 41.
348 3810 485 3861 Damnatis
502 3811 542 3863 Pr.
560 3811 666 3861 Membr.
685 3817 711 3860 et
722 3809 792 3863 Leid.
803 3809 823 3860 Ι.
835 3809 943 3860 Mutavit
954 3811 1056 3860 mores?
1083 3807 1200 3860 Barthins
1220 3806 1340 3858 distinxit

221 3897 323 3948 Withof.
343 3897 427 3963 peta
445 3897 537 3948 voluit:
556 3899 640 3947 Mutat
657 3895 701 3946 ubi
718 3913 808 3949 mores.
826 3894 931 3946 mutabit
947 3895 1012 3947 Van.
1031 3894 1072 3949 93.
1091 3892 1141 3944 cic.
1159 3891 1217 3945 Am.
1236 3893 1283 3947 21:
1308 3921 1341 3930 -

205 3983 258 4034 'sin
277 3991 361 4034 autem
381 3992 424 4034 aut
442 4000 538 4034 morum
556 3993 600 4035 aut
613 3984 751 4034 studiorum
770 3981 921 4032 commutatio
948 3979 1079 4047 quaedam.
1101 3981 1174 4046 prim.
1197 3996 1245 4030 om.
1264 3981 1288 4033 1.
1308 3996 1340 4031 m.

221 4069 288 4121 [reid.
308 4070 327 4120 Ι.
346 4085 459 4136 pugnata
477 4069 548 4120 caxa'
567 4067 625 4124 8612
663 4069 738 4120 ‘Inter
755 4068 860 4134 pignera
877 4075 902 4117 et
918 4067 1024 4134 pignora
1042 4064 1168 4132 quomodo
1187 4064 1341 4132 distinguant

222 4155 394 4216 Grammatici,
413 4155 485 4207 docet
502 4154 636 4223 Agroetius
655 4156 686 4206 de
705 4155 822 4222 Orthcgr.
841 4170 867 4220 p.
886 4154 951 4212 269;
969 4151 1015 4203 sed
1033 4151 1118 4203 doctos
1136 4151 1200 4202 hanc
1224 4169 1341 4219 spernere

222 4241 407 4293 distinctionem
425 4241 510 4293 docuit
526 4242 654 4293 Drakenb.
672 4241 705 4292 ad
724 4241 781 4291 Liv.
800 4239 904 4302 111,38,
923 4239 968 4301 IX,
989 4239 1027 4306 15,
1047 4237 1081 4293 'b'
1116 4239 1231 4289 Arataen.

242 4327 253 4340 ’
293 4329 336 4382 42.
355 4329 456 4380 Graticr
474 4327 557 4378 officio
570 4328 656 4394 camp.
677 4327 720 4379 ‘Vt
737 4327 772 4378 sis
792 4327 880 4378 ebarus
899 4325 1022 4386 omnibus,
1041 4333 1095 4377 esto
1112 4333 1197 4393 gratus
1219 4323 1340 4392 (officiis),

221 4414 247 4468 id
265 4423 311 4478 est,
330 4413 458 4469 benefieiis
476 4422 501 4466 et
518 4415 584 4466 bene
601 4415 699 4466 meritis
707 4433 714 4475 ς
734 4413 840 4464 invisum
852 4412 919 4464 enim
931 4412 998 4480 apud
1011 4429 1096 4463 omnes
1108 4419 1147 4463 est
1157 4428 1248 4462 nomen
1260 4411 1339 4462 offici·
