3170 5090
269 419 304 478 oo
543 399 553 424 '
639 409 753 472 ¹cero
770 369 1044 471 pernoscemus
1107 409 1109 418 '

314 579 343 639 9.
378 573 468 652 Quod
490 574 548 641 tibi
570 578 751 658 suspectum
773 577 831 654 est,
855 571 1018 640 confestim
1044 572 1174 652 discute,
1196 577 1272 658 quid
1297 579 1355 659 sit;

376 677 521 762 Namque
543 678 654 754 solent,
677 677 777 760 primo
799 694 881 758 quae
903 680 978 742 sunt
999 677 1154 760 neglecte,
1177 669 1298 748 nocere.

295 782 343 844 10.
378 779 457 845 Cum
479 786 512 846 te
535 780 674 846 detineat
697 779 828 846 Veneris
849 779 1000 846 damnose
1021 781 1178 864 voluptas,

378 882 545 966 Indulgere
568 884 660 965 gulae
682 884 754 965 noli,
778 877 859 964 quse
882 883 1002 950 ventris
1025 885 1128 951 amice
1149 891 1207 952 est.

296 993 344 1053 11.
380 988 459 1054 Cum
481 987 539 1053 tibi
561 989 738 1070 praepones
758 985 908 1053 animalis
930 991 1043 1053 cuncte
1065 987 1186 1069 timere,

376 1091 481 1158 Vnum
503 1091 662 1173 praecipio
684 1090 742 1157 tibi
763 1092 835 1174 plus
856 1092 1013 1158 hominem
1035 1091 1309 1160 essetimendum.

267 1261 351 1330 gratis
369 1260 479 1316 donere’.
504 1262 611 1315 concede
634 1279 721 1315 omnes
742 1262 795 1316 fere
819 1263 892 1316 corld.
909 1263 967 1319 mei.
985 1262 1052 1328 nell!
1070 1264 1176 1332 (rasura)
1195 1265 1273 1318 enode
1290 1268 1398 1336 eogendi

270 1350 307 1415 (2.
325 1366 358 1400 m.
382 1355 443 1400 mut.
462 1348 479 1400 d
496 1349 522 1400 in
541 1350 560 1415 t)
586 1348 619 1400 Η.
639 1345 743 1400 Withof.
762 1363 787 1414 p.
806 1349 857 1404 563
882 1348 965 1414 praete
992 1365 1174 1417 supervacuum
1198 1359 1291 1418 putens
1320 1353 1399 1406 dixit:

270 1435 351 1486 ‘quts
369 1443 440 1488 seres
457 1431 526 1486 Artis
544 1434 646 1502 regulae
664 1450 758 1501 repone
776 1433 931 1486 indubitato:

476 1537 550 1600 Quod
567 1537 659 1589 donare
676 1545 757 1604 potes,
771 1536 892 1602 precibus
909 1554 942 1589 ne
959 1537 1038 1590 vende
1054 1539 1159 1608 regenti.

473 1623 539 1676 Nem
557 1631 623 1677 recte
641 1625 732 1677 fecisse
748 1625 822 1678 bonis
840 1626 867 1676 in
885 1632 956 1692 perte
973 1626 1106 1677 lucrorum
1123 1632 1168 1678 eet

269 1729 398 1784 conferens
417 1729 530 1782 Senecae
547 1728 630 1780 locum
648 1729 680 1780 de
697 1727 785 1780 Benef.
806 1729 839 1790 Π,
859 1731 888 1782 1:
916 1725 977 1778 Non
995 1728 1054 1780 tulit
1069 1728 1158 1794 gratie,
1177 1728 1223 1794 qui
1240 1745 1298 1781 oum
1315 1746 1401 1797 rogus-

269 1826 314 1880 set,
333 1815 435 1880 accepit.
474 1813 601 1871 Quoniam
619 1812 725 1878 quidem,
744 1821 772 1863 ut
790 1813 929 1865 maioribus
940 1814 1043 1876 uostris,
1060 1814 1216 1881 pravissimis
1233 1814 1303 1878 viris,
1321 1817 1403 1868 visum

270 1912 313 1966 eet,
330 1902 404 1953 nulla
421 1919 461 1954 ree
478 1901 567 1953 curius
585 1909 691 1962 coorstot,
715 1917 792 1966 quom
810 1917 876 1965 quoue
892 1901 1013 1968 precibus
1030 1909 1097 1953 eruta
1115 1904 1164 1954 eet'.
1182 1903 1250 1971 greti
1266 1889 1298 1954 1).
1317 1903 1402 1956 luero-

270 2007 329 2040 rum
347 2007 403 2040 curn
420 1988 528 2040 Deumio
546 1995 572 2040 et
589 2004 646 2039 cum
663 1987 844 2055 Gennegietero
869 2002 925 2054 esp.
944 1985 1031 2039 XXIX
1048 2003 1073 2055 p.
1092 1989 1143 2044 487
1162 1989 1313 2041 Amtrsnius
1331 2007 1401 2043 rece·

270 2077 321 2144 pit,
340 2076 381 2142 qui
400 2076 523 2127 lucrosum
553 2075 584 2126 sb
608 2074 714 2126 indoctis
731 2073 870 2141 profectum
892 2073 999 2126 librariis
1024 2074 1141 2128 inmerito
1159 2075 1228 2130 dixit.
1262 2076 1403 2129 Lucroeum

271 2171 368 2230 praeter
385 2178 473 2213 omnes
500 2177 570 2212 meos
596 2159 669 2212 codd.
698 2159 775 2211 etism
802 2160 897 2211 hebent
923 2160 989 2212 ‘Vet
1016 2160 1100 2215 Chert.
1125 2163 1232 2214 Membr.
1250 2162 1327 2214 Voss.
1345 2163 1403 2218 Vet.

270 2251 334 2317 Reg.
353 2249 423 2300 Leid.
439 2247 484 2300 III.
503 2247 586 2301 Turio.
605 2254 630 2298 et
647 2246 714 2300 Edd.
733 2247 798 2313 Aug.
817 2246 893 2297 vind.
915 2245 992 2298 Boill.
1011 2246 1086 2299 Oord.
1106 2247 1186 2300 Orno!
1222 2247 1279 2300 Non
1297 2248 1401 2316 elegen·

272 2336 320 2387 tior
337 2335 366 2386 fit
383 2334 508 2386 sententie
534 2349 579 2395 eo,
606 2331 674 2399 quod
696 2349 712 2384 e
735 2331 927 2384 calculatoribus
952 2332 1025 2384 elucte
1049 2333 1083 2385 sit
1105 2333 1218 2400 phrasis,
1247 2333 1290 2400 qui
1316 2341 1404 2401 parces

272 2421 361 2472 domni
378 2429 403 2472 et
420 2419 487 2470 lueri¹
505 2435 617 2472 seorsum
634 2417 767 2469 {sciebant
806 2415 883 2468 Omne
901 2417 930 2468 c'd
948 2417 1075 2483 deputare
1096 2433 1147 2472 cese
1164 2419 1194 2469 iu
1211 2418 1282 2470 locro
1302 2419 1404 2472 Terent.

272 2509 374 2560 Phorm.
393 2507 425 2569 11,
445 2510 469 2568 1,
491 2508 529 2562 10.
564 2503 650 2556 Lucro
675 2502 776 2568 adpone
800 2503 862 2554 Hor.
885 2503 913 2557 0.
931 2505 952 2566 Ι,
972 2506 986 2558 9
1007 2506 1046 2562 15.
1072 2504 1135 2557 coni.
1160 2507 1256 2570 euml,
1275 2506 1321 2560 33:
1349 2505 1405 2556 Pro

272 2595 346 2646 lucro
364 2593 410 2644 riti
422 2608 490 2658 pone
508 2591 584 2646 diem.
620 2589 655 2640 In
671 2589 748 2640 lucres
761 2589 871 2654 ponitur
895 2589 945 2641 cie
965 2589 999 2641 ed
1015 2590 1072 2646 Div.
1090 2591 1146 2655 VII,
1165 2591 1205 2646 25.
1228 2591 1356 2642 lucrosum
1374 2591 1404 2642 fit

274 2682 332 2732 Teo.
351 2679 434 2747 Agric.
455 2680 494 2733 19.
521 2676 549 2726 io
571 2683 648 2742 porte
674 2693 720 2743 pro
747 2691 778 2726 ec
803 2683 878 2740 purte
902 2684 931 2727 nt
948 2675 1001 2728 Iris.
1019 2675 1074 2738 XL,
1092 2678 1117 2732 9.
1152 2675 1217 2728 Nem
1235 2675 1405 2730 benefecisse

275 2767 333 2818 Bes.
352 2768 432 2832 Neep.
669 2781 671 2785 ’

343 2855 367 2907 9,
394 2852 529 2902 Erasmus:
555 2851 635 2913 ‘Ques
659 2848 827 2915 suspicionem
850 2849 943 2901 hebent
960 2847 1034 2912 meli,
1059 2865 1089 2900 ee
1111 2847 1165 2900 noli
1188 2849 1332 2918 negligere,
1358 2850 1406 2902 sed

275 2938 358 2990 stetim
376 2936 498 2998 examine,
517 2944 542 2987 et
560 2935 672 3002 exquire,
691 2934 833 2985 cuiusmodi
850 2935 908 2986 sint.
939 2933 1005 2985 Nem
1023 2934 1102 2985 initiis
1119 2935 1193 2986 focile
1211 2935 1362 2997 medeberis,
1380 2936 1406 2987 si

275 3026 337 3092 quid
354 3024 414 3076 meli
432 3024 476 3086 sit;
503 3031 529 3073 et
545 3022 663 3090 neglecte
681 3029 808 3082 crescunt,
836 3039 865 3072 ec
888 3021 995 3073 mexime
1018 3021 1123 3072 laedunt
1146 3030 1241 3089 postes.
1277 3022 1364 3073 Veluti
1382 3023 1407 3073 si

274 3109 451 3178 suspicaberis,
471 3108 579 3158 amioum
597 3106 679 3158 elieno
697 3123 725 3157 re
743 3107 840 3158 essexiu
851 3115 876 3158 te
887 3107 980 3169 enimc,
1001 3106 1054 3158 noli
1066 3106 1204 3176 negligere,
1222 3107 1285 3174 quid
1296 3105 1345 3158 sibi
1357 3125 1402 3160 re·

274 3197 318 3247 lit:
338 3195 384 3246 sed
402 3199 499 3254 excute,
517 3192 585 3243 unde
602 3192 650 3243 hoc
667 3198 753 3242 netum
777 3192 818 3254 sit,
842 3199 869 3244 et
886 3192 908 3243 si
926 3191 1051 3258 quidest,
1069 3193 1154 3245 stetim
1173 3210 1274 3246 occurre
1291 3195 1407 3246 uescenti

274 3281 359 3334 melo'.
376 3286 518 3346 sumentem
536 3280 637 3346 coruscet.
663 3295 712 3330 om.
735 3286 771 3330 est
792 3278 850 3330 Bes.
875 3277 956 3346 Neep.
981 3294 1047 3342 quoe
1067 3287 1128 3330 sunt
1150 3279 1234 3346 primo
1251 3278 1281 3334 B.
1299 3280 1407 3348 primum

276 3384 341 3435 qnae
358 3373 417 3418 sunt
434 3365 465 3419 V.
483 3364 598 3416 neclecta
616 3364 700 3417 anic.

345 3456 385 3508 10.
412 3451 510 3502 veneris
528 3450 619 3503 SYEH
638 3452 745 3517 (ueneris
764 3454 788 3507 2.
811 3469 844 3502 m.
869 3451 944 3517 corr.)
967 3449 1116 3505 BDKMVX
1139 3452 1180 3508 Pr.
1199 3452 1306 3508 Membr.
1326 3452 1408 3508 Oextt.

276 3541 336 3596 861.
355 3538 412 3594 883.
450 3535 513 3589 Ven.
533 3540 574 3592 91.
592 3539 685 3590 Deum.
703 3538 822 3589 Arntuen.
852 3535 980 3589 Plenudes
999 3531 1146 3608 Konlec'prpc.
1181 3537 1295 3608 Scaliger
1310 3535 1405 3608 Ἀφρο-

276 3627 359 3696 δίτης.
385 3626 518 3680 Erasmus:
538 3624 624 3693 gulam
644 3625 705 3676 dicit
720 3624 813 3676 uentris
831 3624 952 3677 emicem'.
971 3624 1063 3676 ventris
1080 3624 1104 3676 R
1122 3625 1143 3676 Τ
1161 3631 1208 3677 etc
1227 3633 1252 3677 et
1270 3625 1306 3678 sic
1323 3626 1410 3692 poenit

276 3715 351 3766 etiem
369 3712 475 3764 Scriver.
519 3708 622 3761 Veneris
640 3710 763 3762 damnosa
780 3709 896 3775 voluptas
914 3710 985 3762 Ouid.
999 3710 1029 3762 P.
1047 3711 1068 3772 1,
1087 3711 1107 3773 1,
1126 3711 1167 3766 33.
1189 3710 1314 3763 damnoso
1329 3711 1410 3763 litteo

275 3801 339 3852 Vox.
358 3813 424 3863 quae
441 3797 534 3848 ventris
547 3796 631 3847 antica
642 3805 678 3848 est
689 3797 760 3848 vertit
777 3798 903 3865 Scaliger:
921 3795 1019 3866 ἑταίρῃ
1039 3797 1093 3847 τῶν
1114 3793 1164 3848 ὑπὸ
1181 3797 1291 3867 γαστρί,
1311 3805 1409 3850 certum

276 3895 360 3938 eutem
378 3902 435 3937 esse
453 3885 519 3945 dicit,
534 3883 610 3950 penis
638 3884 669 3934 eb
695 3884 804 3936 Auctore
827 3883 949 3951 seriptum
975 3883 1063 3946 fuisse,
1090 3890 1117 3936 et
1134 3884 1229 3935 ventris
1245 3903 1261 3935 e
1278 3884 1407 3953 Magistris

244 4015 247 4022 .
276 3973 454 4034 substitutum,
479 3989 511 4022 ne
528 3971 600 4038 pueri
617 3976 771 4037 praetextate
788 3972 864 4022 verbe
888 3971 1017 4038 legerent'.
1062 3968 1154 4020 Venter
1171 3977 1195 4020 et
1208 3969 1284 4035 persis
1301 3963 1407 4023 coniun-

278 4065 370 4127 guntur
388 4057 441 4109 Sal.
467 4056 541 4108 Ostil.
565 4055 635 4118 XIV,
654 4057 678 4110 2·
713 4056 767 4124 Ing.
787 4056 928 4121 LXXXIII,
946 4060 989 4111 41.
1027 4053 1122 4108 Venter
1145 4064 1171 4108 et
1195 4056 1274 4109 libido
1297 4057 1358 4110 Seu.
1377 4057 1411 4110 de

279 4147 370 4200 Beuef.
388 4145 445 4210 VII,
463 4145 496 4196 lI.

347 4235 387 4287 11.
410 4246 561 4297 praepones
584 4229 674 4282 3st
692 4232 734 4283 Pr.
753 4229 913 4297 Bes.·Neep.
932 4229 996 4282 ven.
1016 4231 1047 4285 91
1073 4236 1099 4280 et
1122 4229 1218 4282 Veterr.
1243 4229 1306 4297 Reg.
1330 4227 1411 4296 prelll

277 4335 359 4387 pones
377 4318 412 4385 (1.
430 4335 464 4368 m.
482 4323 582 4368 vetuste
599 4323 660 4370 mut.
679 4333 694 4368 e
711 4317 738 4367 in
756 4317 784 4380 o)
803 4316 830 4367 H
847 4316 930 4368 Turic.
949 4311 1031 4382 (pri-p.
1050 4331 1112 4367 corr.
1127 4333 1200 4384 expu.
1219 4314 1242 4381 e)
1260 4314 1335 4367 Boill.
1353 4315 1410 4368 rell.

276 4421 415 4476 propones.
449 4403 487 4456 ‘Si
506 4402 552 4455 tibi
568 4419 693 4470 propones
711 4403 799 4455 timere
816 4402 936 4454 enimeliu
955 4409 1055 4454 cuncto.
1086 4400 1115 4454 si
1132 4407 1238 4464 cunete;
1258 4417 1317 4469 ergo
1334 4400 1409 4452 etiem
