3170 5090
298 435 331 490 oe
687 431 777 484 caro
795 429 1043 482 rmuosornvs.
1118 411 1126 430 “

321 593 372 655 47.
406 587 486 655 Cum
507 589 639 656 coniunx
661 587 719 656 tibi
740 587 791 668 sit,
812 603 853 652 ne
874 605 925 652 res
947 590 980 652 et
1001 585 1084 652 lama
1105 586 1235 669 laboret,

405 692 577 758 vitandum
598 692 694 759 ducas
716 690 874 758 inimicum
896 709 1009 757 nomen
1030 689 1131 757 amici.

300 865 344 932 qni
361 864 387 914 in
405 863 548 930 Specimine
565 863 656 916 Oritioo
674 881 730 932 cap.
748 861 847 914 XXVII
864 863 899 914 ita
915 879 962 914 nos
979 861 1064 930 legere
1087 863 1169 914 iubet:
1194 862 1231 912 Et
1246 863 1309 914 tales
1326 859 1422 914 obeunt

300 961 356 1012 eto,
373 951 421 1002 hac
438 950 539 1016 quidem
557 951 695 1002 sententia:
723 967 774 1002 non
791 957 830 1002 est
847 949 1010 1017 gaudendum
1032 956 1111 1002 morte
1133 951 1265 1016 repentina
1286 964 1420 1014 pravorum

300 1037 438 1098 hominum,
457 1037 525 1103 quod
543 1043 566 1086 et
577 1037 648 1099 tales,
667 1037 710 1103 qui
726 1043 795 1088 recte
812 1036 887 1087 vitam
905 1036 1046 1096 instituunt,
1065 1035 1176 1102 quotidie
1193 1035 1256 1086 mori
1270 1035 1419 1087 videamus’.

300 1125 353 1176 Alii
370 1123 433 1175 alias
451 1123 628 1191 excogitabant
645 1124 806 1186 coniecturas,
830 1130 872 1174 ut:
900 1123 997 1174 Felices
1025 1138 1082 1172 oum
1109 1123 1202 1174 obeant
1227 1130 1273 1176 eto.
1316 1117 1358 1170 Vel
1382 1119 1421 1170 rio

300 1225 410 1274 nomque
428 1207 519 1260 obeunt
537 1209 650 1276 aliasque
667 1209 694 1260 id
710 1226 799 1278 genus,
827 1225 890 1276 quas
908 1209 997 1260 Catoni
1013 1207 1154 1280 obtrudere,
1177 1207 1259 1258 invitis
1277 1205 1421 1266 (lodicibus,

299 1297 375 1348 facile
392 1302 431 1347 est
447 1297 587 1362 nogotium.
599 1294 703 1346 crimine
719 1294 772 1346 otto
789 1296 867 1363 (man.
878 1297 901 1349 2.
910 1295 1060 1362 glossatoris
1079 1310 1196 1362 suprapo.
1209 1293 1255 1358 eat)
1273 1292 1304 1347 Τ.
1317 1299 1356 1341 aet
1369 1309 1420 1343 om.

300 1384 373 1436 Iaeid.
392 1383 424 1445 II,
443 1383 499 1433 Vet.
517 1381 580 1448 Bag.
599 1380 667 1433 Cart.
686 1383 745 1438 861.

369 1491 411 1542 47.
431 1486 494 1537 Cum
512 1485 623 1536 omniane
639 1485 686 1536 tibi
703 1485 734 1536 nt
751 1487 848 1538 RHTK
864 1486 928 1537 Ven.
946 1489 987 1542 91.
1005 1487 1061 1539 Ital.
1081 1486 1151 1540 (laxt.
1165 1487 1206 1542 83.
1220 1486 1327 1538 coniunx
1345 1485 1421 1536 etiam

300 1576 342 1626 Pr.
360 1572 436 1625 Boill.
454 1570 526 1624 Oruo.
545 1572 609 1624 conf.
627 1573 648 1634 1,
666 1573 690 1626 8.
723 1573 787 1624 Cum
804 1573 897 1625 coniux
915 1573 961 1624 tibi
979 1573 1012 1624 sit
1029 1573 1070 1624 ΕΖ
1082 1572 1175 1626 xBDV
1194 1573 1283 1639 (lamp.
1300 1571 1422 1622 Leidd.L

299 1662 330 1713 Π,
350 1661 395 1712 ΠΙ.
408 1660 492 1713 Turio.
511 1660 572 1736 rell..
584 1675 641 1709 cum
658 1657 703 1709 titi
720 1660 753 1709 sit
771 1659 864 1710 conium
881 1667 907 1710 et
924 1659 988 1711 0011.
998 1660 1072 1710 Voss.
1082 1659 1177 1710 Veterr.
1193 1659 1256 1725 Reg.
1266 1658 1322 1708 Vet.
1337 1657 1423 1711 chart.

301 1755 329 1800 et
346 1747 412 1814 Aug.
431 1745 507 1798 Vind.
525 1746 604 1796 Ruch·
624 1745 706 1797 Trem.
723 1746 807 1797 Pulm.
826 1745 930 1800 Chouet.
947 1747 1014 1798 Flor.
1032 1743 1107 1796 Boill.
1125 1745 1221 1796 Erasm.
1235 1743 1330 1810 Gryph.
1347 1743 1422 1793 Cord.

301 1841 327 1884 et
345 1833 428 1884 Cruc'
463 1833 498 1884 Hi
515 1833 574 1884 libri
592 1849 678 1884 omnes
694 1833 788 1884 habent
805 1847 851 1882 neo
863 1850 903 1884 res
916 1839 938 1883 et
950 1833 1016 1884 fama
1028 1831 1123 1882 laboret
1137 1830 1229 1894 (Turio.
1241 1845 1313 1915 nepo
1327 1828 1422 1895 expu).

302 1952 348 1986 neo
365 1947 405 1987 ree
423 1933 516 1987 BDKV
534 1935 592 1986 Bas.
610 1934 689 2003 Neap.
707 1935 789 1990 Veun.
808 1937 849 1990 91.
867 1936 909 1991 93.
927 1949 973 1986 neo
991 1951 1031 1986 res
1049 1941 1073 1983 et
1091 1933 1157 1984 fama
1174 1932 1272 1983 laborat
1290 1931 1359 1984 Cart.
1380 1931 1423 1985 83.

301 2039 346 2074 aec
363 2041 403 2075 res
422 2039 468 2073 neo
485 2023 503 2074 f.
520 2022 619 2074 laborat
632 2022 674 2074 Pr.
692 2037 738 2072 oco
755 2039 795 2073 res
813 2019 857 2072 sed
874 2021 891 2073 f.
910 2021 1009 2072 laborat
1026 2020 1081 2071 Ital.
1099 2035 1147 2069 nec
1164 2035 1229 2084 opus
1247 2025 1269 2068 et
1287 2020 1305 2068 f.
1324 2017 1423 2068 laboret

300 2112 368 2163 Mox.
388 2111 494 2162 Membr,
512 2109 586 2160 Voss.
606 2108 670 2160 conf.
688 2109 708 2169 1,
727 2109 770 2164 28.
788 2123 821 2158 ne
838 2125 878 2159 res
896 2115 919 2158 et
938 2107 955 2160 f.
974 2107 991 2156 l.
1010 2105 1074 2156 ΕΖΒ
1093 2106 1183 2170 (nesssll
1198 2104 1295 2170 rasura)
1319 2111 1345 2154 et
1365 2102 1423 2156 rell.

302 2198 365 2249 Cum
382 2197 429 2248 tibi
447 2197 479 2249 sit
497 2196 599 2257 coniux,
617 2212 650 2248 nc
667 2212 708 2247 rea
727 2203 749 2246 et
767 2195 834 2245 fama
852 2194 950 2245 loborat
962 2193 1037 2244 etiam
1049 2195 1140 2244 Daum.
1154 2191 1257 2243 Scriver.
1270 2199 1294 2242 et
1306 2191 1423 2242 Arntzen.

300 2291 454 2350 receperunt.
491 2283 630 2335 Audiamus
649 2283 681 2334 de
698 2283 746 2333 hac
762 2282 870 2333 lectione
888 2281 1036 2332 Withofium
1054 2297 1080 2346 p.
1099 2280 1165 2334 573:
1184 2279 1302 2330 Absurde
1319 2283 1423 2327 senten-

301 2371 335 2422 tia
352 2371 378 2421 in
396 2373 481 2438 priore
498 2387 570 2421 versu
589 2378 635 2422 est.
672 2369 759 2432 Quid?
778 2386 820 2429 an,
839 2367 882 2434 qui
899 2367 1004 2418 maritus
1022 2373 1068 2428 est,
1086 2381 1143 2417 eam
1162 2365 1242 2416 solam
1266 2365 1299 2415 ob
1320 2379 1422 2414 oausam

301 2475 388 2509 ornnes
407 2457 514 2508 aliorum
531 2441 652 2508 amicitias
670 2456 748 2507 vitare
766 2455 859 2506 debet?
885 2471 916 2504 an
935 2453 978 2520 qui
998 2469 1100 2504 uxorem
1119 2452 1188 2503 ducit
1205 2451 1260 2502 eius
1283 2467 1324 2500 res
1348 2447 1424 2498 fami-

301 2543 370 2594 liaris
392 2543 449 2594 ideo
473 2543 556 2593 statim
579 2541 714 2602 laborabit,
730 2540 766 2591 'si
791 2540 902 2606 aliquem
928 2540 1020 2590 habeat
1042 2538 1169 2588 amioum?
1204 2537 1345 2588 Miserrima
1362 2552 1424 2586 sane

303 2629 415 2681 condicio
441 2629 503 2679 haec
529 2627 600 2678 fo'ret.
641 2627 733 2688 Miror,
760 2643 885 2677 summum
910 2625 1064 2692 Scaligerum
1088 2625 1153 2674 hano
1174 2623 1306 2678 lectionem
1328 2639 1360 2672 ex
1377 2621 1424 2671 Pi-

301 2716 408 2766 thoeana
426 2713 542 2764 Editione
560 2713 694 2779 recepisse,
713 2729 777 2778 quae
795 2721 879 2762 tamen
898 2728 971 2762 sanas
989 2710 1208 2776 interpretationes
1232 2727 1282 2760 uon
1306 2707 1424 2759 admittit.

301 2801 330 2851 ln
349 2800 425 2852 veteri
444 2799 544 2860 Codice,
563 2799 627 2850 sicut
644 2798 767 2850 Daumius
789 2805 902 2857 testatur,
926 2806 979 2848 erat
1002 2813 1049 2847 uec
1071 2812 1112 2846 rea
1136 2803 1159 2846 et
1176 2795 1263 2860 soma.
1305 2794 1375 2844 ldem
1398 2793 1425 2842 in

305 2887 408 2953 antiqua
425 2884 601 2951 Antverpiensi
613 2884 721 2934 invenio.
758 2885 793 2934 Et
810 2901 871 2934 sane
889 2881 920 2932 τὸ
938 2897 984 2932 nec
1002 2885 1141 2951 genuinum
1159 2891 1209 2944 est,
1237 2890 1264 2934 et
1285 2879 1351 2932 nihil
1374 2879 1426 2930 nisi

303 2969 409 3022 levicula
425 2971 506 3022 adhuc
525 2970 619 3022 menda
636 2977 722 3034 restat.
759 2968 862 3036 corrige
880 2969 934 3020 sine
951 2967 1005 3018 ullo
1023 2969 1154 3035 scrupulo:

507 3094 591 3156 Quum
606 3092 652 3144 tibi
669 3093 702 3143 sit
719 3093 818 3156 coniux,
836 3106 882 3142 neo
899 3106 952 3150 rem
966 3107 1002 3162 pe
1019 3089 1088 3141 fama
1104 3090 1208 3152 laboret,

507 3179 644 3232 Vitandum
662 3180 738 3232 ducas
756 3179 885 3231 inimicum
903 3195 994 3230 nomen
1012 3177 1095 3232 amici.

306 3303 389 3364 Quum
407 3288 503 3366 inquit,
514 3299 560 3351 tibi
577 3317 639 3351 uxor
656 3299 697 3362 sit,
715 3300 760 3352 sed
778 3317 817 3351 ree
835 3298 967 3350 familiaris
986 3305 1101 3366 angusta,
1122 3297 1248 3348 vitandum
1270 3295 1318 3347 erit
1330 3311 1422 3345 nomen

305 3387 387 3447 amici,
399 3386 466 3452 quod
483 3385 566 3437 famae
583 3389 685 3438 noxium
697 3387 804 3438 videtur.
829 3384 892 3436 Cum
905 3386 973 3436 enim
986 3385 1060 3451 inops
1077 3383 1169 3434 existas
1187 3391 1213 3432 et
1230 3398 1332 3448 pauper,
1343 3379 1427 3446 qualis

305 3473 400 3540 ubique
414 3473 500 3540 jacere
518 3473 595 3534 solet,
623 3491 708 3525 ornnes
727 3472 902 3524 existimabunt
919 3472 1004 3539 appeti
1021 3471 1085 3522 hano
1101 3469 1293 3520 familiaritatem
1319 3485 1369 3518 non
1387 3469 1428 3518 tui

306 3559 396 3626 ipsius,
414 3558 459 3608 sed
484 3561 599 3626 coniugis
621 3559 712 3610 oausa’.
749 3558 874 3626 Scaliger:
902 3557 943 3608 ‘llt
965 3557 1006 3608 hic
1029 3572 1128 3622 quoque
1152 3555 1257 3611 duarum
1280 3553 1424 3604 vocularum

306 3661 352 3696 uec
370 3652 396 3696 et
412 3660 446 3695 m
461 3645 537 3696 lectio
556 3646 680 3696 diversam
697 3645 845 3696 sententiam
862 3644 888 3695 in
906 3643 1056 3694 editionibus
1068 3641 1173 3708 peperit.
1200 3640 1339 3690 Pithoeana
1351 3639 1427 3690 habet

307 3747 339 3780 ce
356 3746 431 3797 quam
448 3731 584 3796 sequimur.
611 3730 640 3782 Si
656 3732 703 3782 tibi
720 3733 754 3782 sit
770 3747 819 3790 res,
837 3736 863 3781 et
880 3747 949 3791 uror,
962 3728 1099 3780 cavendum
1114 3744 1147 3777 ne
1164 3726 1220 3792 quis
1232 3725 1333 3776 nomine
1351 3732 1425 3775 tenus

307 3817 405 3867 amicus
423 3816 527 3868 nimium
545 3816 683 3878 familiaris,
708 3834 764 3868 cum
781 3834 857 3868 urore
875 3825 919 3868 tua
936 3814 1140 3884 consuetudinem
1158 3829 1208 3863 non
1231 3813 1361 3862 honestam
1378 3811 1426 3861 ha·

310 3904 376 3964 beat,
394 3902 462 3953 unde
478 3909 522 3952 tua
539 3901 606 3953 lama
623 3901 733 3954 laboret:
752 3912 778 3954 et
795 3911 924 3970 praeterea
941 3901 1031 3952 mulier
1049 3900 1075 3951 iu
1089 3899 1220 3950 moechum
1232 3898 1298 3948 bona
1310 3905 1354 3948 tua
1364 3914 1425 3948 oon-

308 3997 386 4056 gerat,
404 3987 472 4038 unde
488 4004 529 4038 res
547 3986 677 4039 familiaria
695 3995 739 4038 tua
756 3988 861 4039 laboret.
897 3988 935 4038 Ita
951 4001 1043 4036 nomeu
1060 3983 1135 4034 amici
1152 3984 1198 4035 erit
1215 3983 1289 4034 amici
1305 3983 1369 4049 ipse,
1399 3991 1428 4035 ut

309 4089 398 4124 nomen
416 4071 490 4138 apelli
508 4072 566 4125 Vel.
585 4069 673 4123 (latoni
692 4071 794 4138 ocellus.
829 4071 933 4124 Amicus
951 4071 1067 4122 inimicus
1091 4066 1169 4136 φίλος
1194 4063 1299 4134 ἄφιλος.
1334 4068 1362 4120 si
1384 4085 1425 4119 re·

309 4161 451 4220 tinearum,
480 4160 542 4211 haec
560 4159 606 4211 erit
623 4161 761 4212 sententia:
789 4160 811 4212 si
834 4161 939 4212 selixes
957 4167 1015 4210 eta
1033 4158 1152 4225 coniugio
1174 4167 1200 4209 et
1216 4175 1232 4208 a
1249 4175 1277 4209 re
1301 4155 1426 4215 familiari,

311 4247 370 4313 fuge
382 4263 439 4298 esse
457 4245 529 4298 fictus
547 4249 651 4307 amicus,
669 4255 699 4300 ut
716 4247 791 4300 verbo
810 4255 892 4318 tenus,
911 4265 963 4298 non
981 4247 1056 4298 etiam
1073 4263 1100 4297 re
1118 4244 1203 4296 amicis
1220 4244 1342 4311 prodesse
1353 4242 1426 4304 velis,

312 4350 391 4400 quum
410 4332 514 4400 integris
531 4334 607 4384 rebus
625 4333 675 4384 tuis
693 4350 744 4384 non
762 4333 844 4398 possis
862 4333 913 4383 illis
932 4350 1006 4400 opem
1024 4332 1049 4382 in
1067 4349 1094 4384 re
1113 4348 1215 4399 crepera
1227 4347 1324 4382 navare.
1357 4329 1428 4380 Tunc

312 4419 348 4470 ita
363 4418 491 4472 verterim:
