3170 5090
288 473 322 528 44
682 469 773 522 CA'I‘O
789 469 1037 524 PHILOSOPHVS.

289 627 368 694 Bag„
397 601 545 696 quibusoam
574 625 732 678 consentiunt
760 625 949 694 antiquissimae
976 625 1041 678 lddd.
1072 623 1124 678 lere
1154 623 1251 679 omnes’
1276 626 1420 694 (Amnon.)

292 715 413 764 Erasmus
430 719 456 764 et
475 711 579 763 Sorirsr.
615 710 703 778 Dilige
720 727 774 760 noo
791 727 865 762 raros
888 727 950 778 syra
968 712 1052 765 Turio.
1071 713 1154 778 (voees
1172 730 1258 766 omnes
1276 714 1304 766 ia
1321 715 1420 781 rasura)

291 816 343 867 qua
360 799 392 850 de
408 816 436 850 re
453 797 567 865 Ganneg.
584 812 642 865 pag.
659 799 720 852 443.
759 794 842 848 Grato
859 796 960 864 diliyito
979 814 1034 851 oar.
1053 797 1118 852 0011.
1136 799 1211 854 Voss.
1229 799 1339 867 Daiqito
1356 800 1419 878 oba:

290 903 333 938 roa
351 901 434 950 aequa
450 884 485 952 pi.
503 891 620 951 parentes
638 883 769 937 Malsoius.
805 883 890 950 Dilige
907 903 958 936 non
975 901 1060 950 aequo
1076 902 1126 938 oar.
1151 887 1186 952 pi.
1214 904 1266 953 par.
1294 887 1416 938 Arntaen.

212 1018 215 1024 .
292 990 349 1025 oum
366 971 437 1024 Leid.
456 971 496 1022 ΙΙΙ
513 979 539 1022 et
556 987 615 1022 oum
634 969 815 1037 Cannegietero
834 988 887 1039 oap.
905 969 992 1022 XVIII
1014 989 1039 1038 p.
1056 974 1116 1034 442,
1138 973 1181 1040 qui
1198 988 1252 1023 noo
1270 989 1354 1038 aequa
1371 990 1418 1024 ex-

290 1059 370 1126 plieat
386 1076 432 1125 per
448 1074 501 1108 noo
520 1055 625 1123 aequali
643 1055 689 1108 sed
706 1056 809 1123 dispari.
848 1057 949 1108 ‘Notum
967 1064 1013 1118 eat,
1031 1057 1075 1118 ait,
1093 1057 1268 1111 adolescentes
1286 1059 1418 1112 Romanoe

289 1145 350 1196 olim
368 1143 463 1195 maiore
479 1143 574 1210 pietate
592 1143 694 1194 Patrem
720 1159 795 1208 qnam
814 1143 921 1195 Matrem
939 1151 1087 1215 prosecutos
1105 1139 1190 1197 fuisse.
1219 1145 1313 1198 Notum
1330 1146 1415 1210 etiam,

289 1249 367 1300 qnam
384 1233 482 1301 iniqua,
501 1232 527 1282 id
545 1238 593 1293 est,
611 1230 750 1296 inaequalis
773 1229 848 1282 fuerit
869 1230 1006 1284 Parentum
1029 1237 1142 1298 potestas
1160 1231 1186 1282 in
1204 1231 1306 1284 liberor.
1339 1231 1420 1283 Pater

289 1319 328 1370 ins
346 1319 412 1371 vitae
430 1327 456 1370 et
472 1317 544 1370 neoia
562 1318 685 1378 habebat,
711 1316 792 1368 Mater
809 1317 874 1368 nihil
892 1317 969 1368 iuris’.
1006 1318 1058 1370 Sed
1081 1319 1161 1384 pietas
1178 1317 1344 1380 Parentibus,
1368 1319 1420 1369 etsi

289 1405 428 1472 inaequalis
455 1411 494 1456 est
528 1421 614 1455 eorum
640 1410 768 1470 potestas,
800 1401 918 1466 AnQvA
944 1404 1084 1456 debebitur.
1127 1405 1248 1456 Erasmus
1281 1405 1418 1457 lectionem

288 1489 375 1556 Diliqe
392 1507 445 1541 raon
464 1506 543 1556 asyro
561 1507 634 1540 aoros
646 1489 744 1556 pietate
757 1497 881 1554 parentes
893 1490 930 1542 sio
946 1491 1061 1558 exponit:
1081 1491 1182 1552 ‘Pietas‚
1201 1509 1272 1544 amor
1290 1500 1314 1543 et
1331 1493 1417 1544 cultus

288 1585 326 1629 est
348 1595 408 1645 erga
425 1585 556 1644 parentes,
578 1576 698 1644 petriam,
721 1577 817 1637 Deum,
841 1584 866 1628 et
884 1577 906 1627 si
924 1577 980 1644 qais
998 1577 1053 1629 looo
1072 1585 1203 1644 parentum
1221 1589 1270 1631 ost.
1307 1578 1418 1640 Quidam

291 1664 371 1716 veluti
388 1663 486 1730 legibus
505 1663 583 1714 ooaeti
601 1663 687 1716 oolunt
704 1671 829 1730 parentes,
847 1680 897 1714 non
916 1681 947 1714 ex
964 1665 1056 1718 animo.
1088 1663 1175 1730 Dilige
1193 1670 1308 1730 parentes
1326 1664 1417 1716 charos

288 1752 385 1818 pietate
403 1767 456 1800 raon
474 1765 553 1816 asyro
571 1749 587 1804 i.
605 1766 658 1799 non
677 1757 777 1810 coacta,
804 1767 886 1816 neque
903 1750 1037 1816 gravatim,
1062 1749 1108 1800 sed
1125 1756 1225 1816 promte
1247 1756 1273 1800 et
1292 1749 1417 1802 alacriter.

293 1837 325 1888 Et
344 1837 365 1887 si
383 1837 444 1904 quid
461 1836 576 1888 inciderit
594 1835 692 1887 dissidii
709 1835 775 1886 inter
792 1843 921 1902 parentes,
940 1827 975 1887 iti
994 1835 1066 1886 alteri
1084 1835 1246 1902 obsequaris,
1264 1843 1292 1886 nt
1311 1835 1418 1886 alteram

292 1940 342 1975 non
361 1923 486 1976 offendas:
505 1923 551 1975 sed
568 1921 649 1990 pietas
667 1929 711 1974 tua
728 1930 811 1974 eareat
828 1923 896 1975 omni
913 1922 1045 1975 molestia’
