3148 5102
265 469 338 508 ω,
726 441 932 492 emersum.

265 605 343 681 puto
364 599 445 666 banc
468 617 594 664 manum
611 616 680 663 esse
696 598 836 663 eiusdem
853 598 915 661 Iac.
933 596 1076 660 Puteani.
1098 596 1152 678 qui
1166 595 1308 676 exempto
1329 594 1390 658 edi-

266 703 359 768 tionis
380 702 479 766 Paris.
507 704 596 782 1605,
626 707 646 766 8
677 703 709 766 iu
731 701 812 766 Bibt
843 700 933 766 Bodl.
964 698 1164 764 collationem
1193 699 1317 766 Codicis
1337 697 1393 761 ad-

264 806 398 887 scripsit.
436 805 498 870 Vni
518 803 629 869 horum
652 803 792 870 codicum
808 804 884 868 data
905 809 955 868 est
975 801 1123 866 notabssis
1146 802 1201 866 illa
1215 801 1391 880 inscriptio:

262 901 493 974 ‘INCIPIVNT
516 907 634 972 LIBRI
656 904 835 972 CATONIS
858 901 1130 988 PHmosopffl?
1175 905 1255 970 Vter
1277 903 1392 983 Codex,

265 1010 438 1078 Vossianus
460 1012 618 1093 Regiusne
640 1031 682 1076 an
703 1015 812 1094 noster
834 1007 910 1074 Cod.
931 1009 1074 1074 RParis.
1097 1029 1128 1073 n.
1145 1013 1239 1084 2659,
1260 1006 1391 1072 hicine

263 1115 317 1194 rit,
339 1114 506 1180 noscimus.

349 1217 399 1282 Ex
420 1216 565 1283 omnibns
586 1216 637 1280 his
659 1225 691 1280 et
707 1214 874 1280 Codicibus
896 1216 984 1290 meis,
1006 1215 1062 1297 qui
1083 1233 1122 1280 ex
1144 1234 1207 1280 uno
1222 1214 1309 1282 fonte
1322 1235 1393 1297 pro

264 1320 337 1388 tecti
359 1319 515 1400 videntur,
538 1324 571 1385 et
585 1320 718 1384 vetustis
740 1318 939 1383 Editionibus
960 1317 1080 1398 liquido
1102 1323 1200 1400 patet,
1222 1319 1392 1382 Auctorem

265 1423 417 1506 opusculi,
440 1421 525 1504 quod
547 1423 678 1504 agimus
705 1419 853 1484 Curarem
875 1440 944 1486 esse
966 1421 1133 1504 quendam,
1158 1423 1244 1488 nullo
1265 1423 1392 1505 quidem

264 1526 373 1594 addito
387 1525 589 1607 praenomine
611 1516 830 1606 significatum.
869 1525 980 1589 Testes
996 1525 1086 1589 nobis
1099 1529 1174 1590 sunt
1187 1527 1392 1591 vetustissimi

266 1629 313 1694 illi
326 1627 468 1707 Codices,
490 1644 569 1708 quos
591 1627 653 1710 ipsi
676 1627 819 1703 uidimus,
848 1626 1047 1708 contulimus,
1074 1628 1307 1710 descripsimuS,
1329 1649 1392 1695 una

266 1750 337 1798 cum
359 1731 468 1812 paucis
490 1731 608 1797 saeculi
633 1729 695 1795 XV
728 1730 928 1810 editionibus,
961 1749 1042 1813 quae
1064 1751 1102 1796 ex
1125 1731 1277 1798 eiusmodi
1298 1750 1393 1798 mem-

264 1835 373 1902 branis
394 1833 549 1917 prodiisse
568 1835 749 1900 creduntur.
795 1835 882 1900 Inter
902 1835 962 1899 has
985 1835 1138 1901 editiones
1160 1855 1222 1902 non
1245 1855 1315 1902 esse
1335 1839 1392 1902 Ar·

265 1937 481 2022 gentinensem
505 1938 599 2002 istam
626 1938 717 2004 iacile
744 1924 893 2020 putabis,'
910 1955 1005 2018 quam
1022 1934 1184 2002 ‘Marcum
1209 1937 1391 2007 Catbonem’

264 2041 297 2106 in
319 2040 412 2106 titulo
434 2040 552 2105 habere
576 2059 672 2122 supra
695 2041 839 2106 diximus.
878 2042 1007 2106 Maioris
1024 2042 1149 2106 omnino
1163 2044 1313 2108 momenti
1335 2044 1392 2110 tibi

265 2142 495 2209 existimabitur
527 2139 710 2230 Dionysiae
742 2161 932 2226 praenomen
961 2145 1176 2210 introductum
1205 2165 1225 2210 a
1258 2146 1392 2227 Iosepbo

266 2244 434 2328 Scaligero,
458 2246 512 2326 qui
534 2247 655 2328 primus
678 2247 758 2313 libro
781 2247 908 2312 titulum
930 2247 1034 2312 dedit:
1052 2243 1255 2314 ‘DIONYSII
1270 2249 1393 2316 CATO·

264 2349 335 2414 NIS
357 2348 499 2415 Disticha
528 2351 567 2414 de
596 2351 734 2416 moribus
757 2350 799 2415 ad
821 2345 957 2429 Filium’,
984 2351 1141 2417 scribens:
1169 2347 1219 2416 ‘In
1240 2351 1320 2418 libro
1342 2372 1392 2418 ve·

265 2452 439 2519 tustissimo
456 2451 613 2516 Simeonis
629 2453 736 2536 Bosz‘c‘,
760 2453 888 2520 Iuridici
902 2453 1142 2530 Lemovicensis,
1165 2455 1224 2519 viri
1247 2455 1391 2521 eruditis-

264 2555 335 2622 simi
358 2563 390 2623 et
412 2557 584 2622 acutissimi
607 2557 718 2622 titulus
741 2557 787 2621 ita
809 2562 977 2638 conceptus
1000 2563 1085 2622 erat:
1111 2557 1302 2624 DIONYSII
1324 2558 1391 2624 CA-

265 2658 390 2725 TONIS
412 2658 614 2724 DISTICHA
642 2659 699 2724 DE
722 2658 912 2725 MORIBUS
938 2660 995 2724 AD
1017 2659 1178 2726 FILIVM.
1224 2661 1317 2728 Solus
1338 2663 1392 2730 ille

264 2761 362 2828 codex
385 2764 486 2830 bonae
507 2768 601 2827 notae
623 2767 768 2843 repertus
791 2769 839 2828 est
860 2764 1011 2829 memoria
1031 2769 1150 2829 nostra.
1185 2765 1320 2848 Reliqui,
1342 2767 1390 2832 uti

264 2865 443 2948 sequiorem
470 2867 680 2947 saeculorum,
708 2867 754 2932 ita
783 2862 1014 2934 mendosiores'.
1069 2868 1156 2932 Haec
1189 2875 1264 2935 sunt
1295 2872 1391 2938 verba

266 2968 430 3050 Scaligeri,
447 2986 539 3049 quem
563 2969 702 3052 opitius,
725 2971 893 3046 Daumius,
916 2969 1178 3053 Cannegieterus,
1201 2973 1390 3042 Arntzenius

265 3069 379 3155 aliique
401 3088 500 3152 usque
523 3073 564 3136 ad
586 3079 728 3139 nostrum
751 3079 874 3154 tempus
897 3078 1058 3155 tamquam
1081 3075 1193 3140 ducem
1214 3077 1320 3160 gregis
1343 3097 1390 3144 se-

265 3174 331 3239 cuti
353 3178 436 3240 sunt.
472 3174 534 3242 Sed
550 3176 625 3240 mihi
641 3177 732 3242 valde
756 3177 851 3242 dubia
874 3181 923 3242 est
944 3176 1024 3242 haec
1046 3179 1226 3244 auctoritas.
1262 3180 1390 3248 Minime

265 3277 347 3343 enim
369 3282 489 3344 certum
513 3281 576 3358 est,
601 3278 792 3361 Scaligerum
822 3278 1004 3362 ipsumhoc
1028 3279 1142 3348 Codice
1169 3301 1261 3348 usum
1283 3283 1389 3362 fuisse,

265 3381 354 3448 euius
388 3401 427 3448 ne
461 3385 597 3448 aetatem
626 3382 757 3465 quidem,
782 3383 959 3448 accuratius
989 3384 1075 3450 dixit.
1121 3385 1200 3451 Tota
1227 3385 1389 3470 inscriptio

264 3484 340 3549 mihi
362 3482 423 3550 fide
445 3484 538 3566 plena
567 3485 637 3551 ideo
666 3485 796 3567 indigna
825 3504 895 3552 esse
918 3487 1056 3568 videtur,
1086 3490 1170 3571 quod
1192 3495 1299 3572 partes
1322 3491 1389 3557 eius

264 3585 445 3672 Dionysius
475 3584 615 3649 disticha
645 3585 683 3649 da
712 3587 853 3651 moribus
879 3587 925 3651 ad
944 3588 1049 3670 filium
1076 3593 1108 3657 in
1130 3593 1289 3660 veteribus
1312 3595 1389 3660 meis

265 3688 438 3770 codicibus,
473 3709 551 3772 quos
586 3689 764 3772 Scaligerus
794 3697 879 3758 certe
912 3693 1084 3776 ignoravit,
1115 3715 1178 3761 non
1210 3702 1388 3764 occurrunt.

264 3791 426 3858 Evolvisse
459 3793 583 3874 quidem
616 3793 731 3860 librum
766 3796 861 3862 etiam
887 3796 973 3862 Elias
996 3798 1128 3864 Vinetus
1155 3800 1306 3880 traditur,
1335 3802 1389 3885 qui

264 3913 335 3962 eum
368 3895 517 3961 visendae
551 3897 749 3979 antiquitatis
782 3899 879 3965 fuisse
907 3901 948 3966 ad
976 3899 1101 3984 Edyllia
1130 3903 1260 3968 Ausonii
1294 3903 1387 3986 (coni.

264 3998 359 4065 Henr.
383 3996 602 4080 Cannegieteri
624 4001 788 4083 Rescripta
810 4003 988 4069 Bouhornio
1011 4023 1036 4070 c.
1061 4005 1094 4070 ΙΙ
1115 4025 1146 4088 p.
1172 4008 1245 4088 373)
1269 4010 1388 4091 scribit,

265 4101 319 4167 sed
342 4119 404 4166 non
427 4104 573 4185 estquod
596 4102 711 4169 iterum
722 4105 899 4189 iterumque
919 4125 1071 4188 moneam,
1087 4129 1180 4192 quam
1195 4111 1314 4178 incerta
1335 4112 1387 4180 illo

264 4222 341 4271 aevo
369 4205 431 4271 sint
458 4205 605 4272 Virorum
628 4208 799 4275 Doctorum
827 4211 941 4276 iudicia
969 4211 1008 4278 de
1030 4217 1135 4280 aetate
1158 4213 1324 4298 Codicum,
1352 4223 1388 4283 ut

264 4307 326 4372 iam
356 4325 452 4390 sopra
480 4310 680 4393 cognovimus
710 4313 873 4380 Arntzenii
903 4320 1039 4383 veterem
1069 4318 1136 4383 cod.
1168 4318 1234 4385 Mu.
1264 4321 1388 4386 charta-

265 4429 363 4478 ceum.
409 4412 502 4480 Absit
525 4405 617 4498 ergo,¹
632 4435 701 4482 curn
726 4415 830 4482 Codex
858 4417 910 4484 ille
933 4419 1089 4486 Bosianus
1119 4421 1216 4488 oculis
1238 4422 1330 4506 plane
1353 4443 1387 4490 se
1434 4491 1436 4500 ,
