3170 5090
610 423 711 478 uiuus
727 425 771 476 tv,
937 411 940 426 '
1239 423 1272 477 53

251 585 342 648 hisce
366 579 500 662 aliquid;
523 597 595 645 num
619 597 688 645 cum
712 578 816 644 subito
837 577 979 645 Fortuna
999 577 1127 658 recedit,

257 693 315 750 Ars
338 689 479 750 remanet
500 684 660 762 vitemque
681 681 815 748 hominis
837 673 899 746 no'n
922 681 1041 747 deserit
1064 697 1222 760 umquam.

257 789 428 869 l’rospicito
453 793 613 866 cunctans,
635 785 751 852 tacitus
774 784 851 866 quid
874 785 1007 866 quisque
1028 783 1186 864 loquetur,
1254 771 1256 782 '

257 895 364 960 Sermo
386 893 546 957 hominum
569 909 672 956 mores
694 895 726 954 et
749 889 829 954 celat
853 893 884 952 et
906 887 1021 952 indicet
1043 885 1134 950 idem.

141 1077 229 1126 ridere
253 1075 300 1124 iam
319 1091 394 1140 supra
413 1073 495 1123 Sentt.
515 1072 545 1125 31
566 1073 649 1126 et52.
669 1069 782 1120 derideat
799 1069 851 1130 ΙΙΙ,
870 1070 893 1120 7.
913 1068 1025 1118 deridere
1043 1066 1112 1118 Leid.
1131 1066 1151 1116 Ι.
1169 1073 1272 1124 irridere

139 1165 217 1214 Leid.
238 1163 280 1212 ΙΙΙ.
300 1161 354 1210 rell.
374 1159 463 1210 ridere.
482 1157 544 1209 nolli
562 1159 625 1207 Vsu.
639 1159 679 1212 91.
711 1154 770 1206 Non
789 1155 939 1222 quicumque
957 1170 1041 1215 senex,
1059 1152 1162 1220 puerilis
1181 1176 1271 1210 sensus

88 1244 93 1255 '
140 1253 170 1300 in
191 1250 234 1299 illo
254 1257 293 1298 est
318 1246 421 1298 Scriver.
464 1242 531 1293 Nom
560 1244 713 1310 quicumque
740 1250 824 1302 seret,
853 1259 943 1294 sensus
969 1243 1073 1310 puerilis
1100 1244 1127 1296 iu
1152 1245 1197 1297 illo
1224 1253 1272 1299 est.

142 1337 261 1402 Scaliger
279 1319 348 1399 (ὅτὶς
364 1330 465 1399 μέτρον
484 1326 557 1380 ἵκετο
574 1329 687 1398 γήρως).
712 1331 828 1381 Arntueu.
863 1328 928 1380 Nem
950 1331 1094 1397 quicunque
1112 1338 1189 1392 senet,
1207 1347 1271 1397 pue-

140 1423 201 1473 rilis
220 1438 309 1471 sensus
328 1421 354 1469 in
373 1419 418 1489 illo
436 1428 482 1470 est.
500 1418 590 1468 Deum.
626 1416 691 1467 Nem
710 1415 752 1465 ccci
770 1433 869 1481 cunque
887 1414 942 1464 seui
955 1432 1044 1466 sensus
1062 1431 1107 1482 pu.
1127 1416 1154 1467 in
1171 1416 1216 1468 illo
1234 1425 1273 1467 est

139 1511 209 1561 Ven.
227 1509 269 1562 93.
304 1505 370 1558 Nem
393 1522 548 1571 quocumque
572 1505 732 1571 (quocunque
758 1503 778 1551 Τ
801 1501 856 1566 Ρι.)
879 1516 937 1550 seue
958 1500 1273 1554 Rusuflussuuuutvx

140 1597 214 1646 Mox.
232 1595 295 1644 Rox.
313 1593 420 1644 Membr.
437 1592 512 1642 Voss.
531 1590 615 1642 Veter.
633 1590 696 1656 Reg.
713 1589 801 1640 Leidd.
813 1587 833 1637 I.
845 1588 892 1640 Ill.
911 1587 995 1638 Turio.
1009 1587 1053 1638 Pr.
1067 1587 1145 1638 Oextt.
1159 1589 1218 1644 861.
1231 1588 1272 1642 83.

140 1683 211 1732 Ven.
231 1683 271 1734 ul.
290 1677 382 1746 puerili
405 1695 494 1728 sensus
521 1677 590 1728 Leid.
610 1678 630 1729 l.
653 1675 763 1739 puerilis
790 1690 877 1724 seusus
903 1672 1016 1724 YsHuB
1042 1682 1068 1724 et
1093 1674 1148 1725 rell.
1174 1684 1273 1740 praeter

137 1767 227 1820 ΚΜΧΙ
242 1767 309 1818 Mox.
328 1767 392 1816 Vox.
409 1764 467 1815 Bes.
485 1763 574 1829 Neep.‚
598 1763 623 1812 in
643 1762 733 1827 quibus
757 1776 845 1810 scocris
864 1758 972 1823 puerilis
990 1759 1103 1810 babetur.
1122 1777 1211 1818 sensus
1229 1777 1271 1828 pu.

139 1856 170 1908 in
191 1855 236 1904 illo
254 1855 314 1920 (om.
332 1853 379 1918 est)
396 1849 454 1903 Bes.
472 1850 552 1916 Neep.
581 1848 646 1898 Nom
665 1846 791 1913 quicuque
809 1847 915 1897 Membr.
945 1845 1048 1896 Amicus
1065 1845 1195 1897 Arotcenii
1215 1847 1271 1913 qui-

138 1942 205 1991 dem
223 1939 348 1990 distinxit:
372 1938 437 1989 Nem
455 1939 601 2003 quicunque
618 1951 696 1985 senex
713 1932 831 2000 puerilis,
851 1960 882 1968 -
904 1947 991 1982 senece
1008 1931 1038 1980 ιἰι
1055 1931 1096 1980 illo
1114 1940 1157 1985 cst.
1194 1933 1273 1985 ‘Licet

139 2044 225 2078 senex
241 2025 372 2092 pueriliter
389 2023 525 2074 admodum
543 2038 619 2088 saepo
637 2037 664 2071 se
680 2027 761 2086 geret,
779 2018 857 2069 enimi
874 2031 958 2068 temen
970 2019 1019 2069 vim
1032 2018 1158 2085 quendam
1175 2020 1271 2072 obtinet

143 2124 175 2166 et
193 2129 283 2164 seusus
295 2111 386 2178 aliquis
404 2109 454 2178 ipsi
473 2108 586 2160 constet’.
615 2106 781 2157 Arntzenius:
800 2105 866 2156 ‘Non
884 2114 968 2156 temen
985 2105 1035 2172 ipsi
1052 2105 1187 2160 adsentior.
1216 2106 1273 2160 Hoc

137 2200 206 2252 mihi
225 2199 308 2266 potius
326 2195 499 2263 Gnomologus
519 2195 600 2246 dicere
618 2193 728 2244 uidetur:
748 2192 801 2243 noli
818 2193 898 2242 ridere
916 2209 999 2253 senes,
1018 2209 1050 2243 ne
1068 2193 1166 2260 etipse
1183 2202 1273 2259 postes

138 2303 221 2338 senex
238 2288 317 2336 lectus
336 2283 440 2334 ridearis
447 2300 455 2342 ;
474 2299 532 2333 nem
557 2297 632 2332 senex
656 2279 807 2346 quicumque
834 2288 887 2340 eet,
914 2278 1020 2345 puerilis
1047 2279 1099 2345 agit
1116 2287 1141 2329 et
1158 2280 1271 2344 ridenda,

137 2381 220 2438 atque
237 2371 300 2422 adeo
318 2378 397 2430 etto,
416 2369 438 2420 si
456 2367 576 2429 senueris,
595 2365 732 2416 secundum
753 2365 925 2431 prouerbium:
951 2363 988 2414 tte
1001 2363 1080 2429 pueri
1097 2365 1184 2416 certes'.
1219 2366 1271 2416 Adi

136 2457 293 2511 Withofium
311 2474 335 2523 p.
348 2457 413 2513 565:
433 2455 527 2506 Vocem
546 2453 695 2504 insolentem
714 2460 783 2502 senet
801 2452 856 2502 eolo
873 2452 1016 2518 superstitio
1035 2459 1127 2502 tuetur.
1153 2450 1268 2501 Praeter-

142 2563 179 2598 ea
195 2561 245 2596 non
263 2542 308 2608 qui
317 2541 352 2604 fit
370 2557 460 2602 senec,
479 2541 525 2592 sed
543 2542 587 2608 qui
605 2543 685 2590 fectus
703 2548 752 2599 est,
776 2539 801 2588 in
820 2555 850 2588 eo
868 2537 930 2587 hoec
947 2538 1051 2588 mutatio
1069 2536 1180 2601 contigit.
1217 2535 1270 2586 Ob-

138 2639 195 2683 stat
212 2631 296 2695 iteque
314 2629 372 2679 huic
389 2628 464 2678 verbo
482 2630 539 2693 ipse
563 2643 661 2676 seusus.
697 2626 728 2674 In
753 2623 921 2690 Antverpiene
943 2632 982 2674 est
1005 2638 1087 2674 serrem.
1124 2622 1179 2690 Ego
1196 2639 1271 2690 prce-

138 2725 214 2769 terec
231 2717 266 2768 sic
284 2723 347 2783 puto
365 2713 516 2780 legendum:

297 2836 361 2887 Cum
379 2836 462 2902 sapies
481 2835 574 2897 enimc,
592 2833 646 2884 noli
663 2833 746 2884 ridere
764 2840 905 2892 senectam

298 2919 365 2970 Nam
383 2921 534 2987 quicumque
551 2918 728 2985 redemptori
746 2919 890 2970 dissensus
913 2919 938 2969 in
957 2918 1002 2970 illo
1021 2926 1066 2969 est.

141 3042 296 3094 Latinorum
314 3052 341 3094 et
359 3045 511 3094 Greecorum
529 3057 660 3093 commune
683 3049 722 3092 est
744 3041 917 3108 proverbium:
943 3039 1076 3109 γέροντες
1102 3037 1144 3099 δὶς
1168 3039 1272 3098 παῖδες.

140 3128 220 3179 Plato
237 3128 292 3180 Lib.
309 3129 330 3179 Ι.
350 3129 382 3179 de
399 3128 514 3196 legibus:
550 3127 565 3177 ὁ
581 3123 664 3194 γέρον
684 3125 724 3184 δὶς
741 3127 806 3184 παῖς
823 3125 922 3192 γένοιτ’
942 3121 983 3178 ἄν.

214 3217 254 3269 19.
281 3215 381 3266 recessit
398 3214 424 3264 H
441 3215 504 3265 Rox.
522 3214 613 3266 Deum.
633 3214 724 3281 Scalig.
753 3216 868 3264 Arntzeu.
895 3213 952 3265 rell.
979 3213 1083 3264 recedit.
1102 3214 1215 3266 etheid.
1233 3215 1272 3266 111

140 3308 220 3366 atque
247 3300 314 3354 Edd.
340 3302 406 3366 Aug.
435 3298 508 3351 Viud.
534 3298 614 3350 Euch.
645 3300 727 3350 Trem.
754 3299 838 3350 Pulm.
855 3298 935 3350 Paris.
954 3298 1059 3352 Scriver.
1079 3300 1156 3351 Boill.
1174 3301 1270 3352 Eresm.

140 3387 239 3455 Gryph.
256 3385 330 3438 Cord.
349 3399 375 3440 et
393 3387 474 3439 Cruc'
493 3395 601 3438 removet
618 3386 723 3438 Membr.
753 3386 796 3436 Ad
813 3403 915 3436 sensum
933 3393 1029 3452 spectet
1046 3386 1170 3438 sententie
1186 3385 1267 3438 Nero·

139 3473 182 3524 nis
202 3473 271 3524 Suet.
288 3473 346 3523 XL:
365 3473 398 3523 τὸ
417 3471 524 3544 τεχνίον
544 3473 618 3523 πᾶσα
635 3473 700 3540 γαῖα
720 3471 825 3538 τρέφει.

212 3561 252 3614 20.
282 3559 423 3626 Prospicito
450 3567 540 3611 cuncto
565 3560 657 3610 tacitus
684 3559 774 3610 REBD
802 3561 844 3626 (cd
867 3560 902 3624 te)
925 3559 1002 3610 KMV
1025 3559 1087 3626 Rex.
1113 3559 1176 3612 Coll.
1195 3560 1270 3612 Voss.

127 3643 655 3713 *Leidd.11.111.Pr.1ta1.Bas.Neap.
677 3645 740 3697 Veu.
759 3647 801 3700 93.
826 3645 901 3697 Boill.
926 3646 1021 3712 Gryph.
1045 3645 1129 3696 Pulm.
1147 3646 1174 3696 in
1192 3664 1266 3714 marg.

141 3729 283 3798 Prospicito
294 3729 371 3781 Νιιοο
380 3742 427 3783 tec.
437 3729 467 3783 Y.
481 3729 655 3795 Prllloepicito
674 3733 699 3798 (o
709 3750 723 3782 e
733 3733 757 3786 2.
770 3749 803 3782 m.
821 3735 848 3782 in
866 3732 962 3796 rasura)
974 3731 1007 3782 H.
1025 3731 1199 3799 pilleiepicito
1217 3734 1270 3799 (re-

141 3835 208 3868 sure.
219 3836 241 3869 r.
253 3836 287 3869 m.
299 3835 359 3869 corr.
372 3818 427 3885 per)
440 3818 469 3868 Τ.
496 3818 635 3885 Prospicito
650 3819 677 3870 S.
691 3817 830 3886 Perspicito
844 3835 866 3870 c.
879 3829 895 3870 t.
910 3820 972 3886 quid
983 3819 1053 3871 Leid.
1066 3821 1086 3872 I.
1096 3820 1193 3871 Veterr.
1206 3821 1270 3888 Reg.

141 3903 248 3954 Membr.
268 3905 342 3956 Voss.
362 3905 444 3956 Turio.
464 3904 531 3957 Iddd.
550 3905 616 3970 Aug.
635 3905 710 3956 Vind.
728 3905 807 3956 Euch.
827 3905 910 3956 Trem.
929 3905 1026 3956 Eresm.
1046 3915 1071 3956 et
1090 3904 1173 3958 Pulm.
1203 3905 1269 3956 Per-

142 3991 231 4057 spicito
249 3999 331 4042 tecum
348 3999 398 4042 tec:
423 3991 483 4057 quid
507 3990 565 4043 Put.
593 3990 683 4044 Deum.
712 3993 788 4046 1628.
817 3992 884 4047 1658
910 4003 936 4042 et
962 3993 1080 4043 Arntcen.
1116 3992 1172 4043 ‘Ed
1190 3992 1269 4047 Puris.

141 4077 353 4142 Editionibusque
370 4076 512 4128 novissimis
530 4087 556 4128 et
573 4077 675 4143 optimis
692 4077 833 4142 omnibus’‚
856 4079 983 4143 explicans
1004 4077 1150 4142 perspicere
1168 4095 1213 4145 per
1230 4081 1269 4131 di-

144 4161 254 4229 ligenter
272 4163 477 4223 animadvertere,
495 4164 632 4215 attendere.
668 4164 810 4215 Plenudes:
837 4157 945 4231 Φράζεο
963 4162 1053 4214 πάντα
1071 4165 1172 4233 σιωπῇ,
1191 4163 1269 4216 τίπτε

142 4245 264 4314 λέγουσιν
284 4245 400 4298 ἔκαστοι.
431 4237 555 4317 Scaliger:
569 4246 648 4302 Ἅττα
666 4249 739 4318 λέγει
758 4268 798 4304 τοι
816 4248 931 4308 ἕκαστος
947 4249 1013 4320 ἀκὴν
1025 4249 1159 4314 βασάνιζε
1172 4253 1270 4322 σιωπῇ.

147 4333 291 4401 Prospicito
309 4343 388 4384 tecum
406 4345 453 4387 tec.
473 4335 542 4390 Flor.
561 4336 652 4405 Prosp.
672 4347 764 4388 cuncto
787 4347 867 4388 tecum
884 4337 947 4389 Vox.
983 4338 1104 4406 Perspice
1127 4339 1270 4389 cunctcaedo

146 4431 193 4472 tec.
221 4420 282 4487 quid
308 4419 417 4474 Scriver.
454 4421 596 4490 Perspicito
621 4432 715 4476 cuncta
740 4433 786 4475 tec.
809 4425 877 4476 Mox.
900 4423 1036 4491 prospicite
1060 4433 1152 4476 cuncto
1174 4423 1270 4477 Bcum
