3148 5102
644 459 848 515 PRAEFATIO.
1235 485 1311 524 xm
1422 493 1425 500 .

183 618 219 680 et
239 615 372 680 alterum
396 614 491 680 etiam
513 614 579 680 suis
602 615 765 697 Rhythmis
782 613 978 678 dualitates
1001 614 1108 700 Dysae
1124 615 1163 680 de
1179 612 1308 682 Schism.

184 719 305 784 Eccles.
328 736 410 800 pone
433 716 584 783 Analecta
605 717 696 801 Lydii
718 718 759 784 ad
782 717 940 800 Olemang.
964 717 1056 784 editis
1078 736 1108 799 p.
1133 721 1205 784 31.“
1227 756 1268 767 -

271 823 358 888 Haec
380 821 495 888 diversi
517 821 586 886 aevi
609 826 641 887 et
654 822 748 904 pretii
766 822 952 898 testimonia,
977 822 1091 904 quibus
1107 821 1190 888 ultro
1212 822 1310 888 addes

183 924 235 990 Jo.
260 923 328 990 Alb.
352 924 487 990 Fabricii
509 942 600 990 curas
624 925 656 989 in
678 925 872 991 Bibliotheca
894 925 1016 1005 Latina,
1043 925 1128 992 vario
1152 925 1243 992 modo
1266 924 1312 990 in-

182 1027 321 1092 lustrata
343 1033 417 1092 suut
438 1047 458 1092 a
480 1025 718 1109 Ganuegietem,
742 1025 931 1103 Wcsthofio,
958 1027 1144 1094 Boxhornio.
1191 1027 1309 1094 Ganue-

182 1131 323 1212 gieterus
345 1131 377 1196 in
399 1129 571 1211 Rescriptis
594 1130 771 1196 Bonhornio
794 1149 819 1196 c.
842 1131 882 1195 ΙΙ.
905 1151 935 1213 p.
960 1136 1021 1196 373
1044 1131 1127 1196 inter
1149 1129 1210 1198 alia
1232 1131 1310 1197 haec

183 1235 294 1301 habet:
320 1230 480 1300 ‘Nonnulli
506 1241 666 1302 auctorem
695 1228 849 1306 incertum
878 1236 1087 1315 arbitrantur,
1116 1237 1309 1320 inquorum

183 1357 314 1404 numero
338 1343 387 1404 cst
409 1339 458 1405 Jo.
483 1338 723 1406 Sarisbericnsis
745 1337 813 1422 (qui
835 1339 981 1405 inclaruit
1001 1339 1059 1405 sub
1075 1337 1233 1404 Fridcrico
1249 1339 1310 1404 Im·
1388 1340 1390 1363 '

183 1445 329 1522 peratore
357 1441 485 1522 Primo).
532 1440 594 1507 Alii
621 1439 770 1506 Senecam
798 1441 966 1508 nominant.
1013 1441 1075 1508 Sed
1103 1442 1161 1508 hos
1189 1441 1307 1508 refutat

183 1544 304 1610 Badius
320 1544 488 1610 Ascensius
511 1543 550 1610 ob
574 1545 639 1610 stili
654 1545 947 1612 dissimilitudinem.
985 1545 1095 1612 Plures
1120 1543 1310 1626 Ausonium,
1364 1593 1367 1596 .

182 1646 266 1711 inter
287 1646 345 1712 hos
368 1647 513 1729 Baptista
534 1648 618 1729 Pica,
642 1647 817 1714 Gulielmus
840 1647 994 1714 dancerus
1020 1651 1052 1714 in
1074 1648 1307 1730 Prolegomenis

183 1750 226 1814 ad
248 1749 444 1833 Euripidem,
473 1753 632 1818 Ausonius
653 1753 772 1835 Popma
794 1753 835 1818 ad
858 1751 985 1818 Catonis
1013 1751 1111 1817 Prisci
1133 1751 1308 1833 fragmenta

182 1873 215 1936 p.
240 1855 310 1918 164.
355 1853 567 1936 Reprehendit
587 1873 640 1920 eos
664 1856 804 1938 Scaliger
825 1856 866 1921 ad
888 1856 1061 1922 'Ausonium
1084 1855 1124 1930 Il,
1149 1855 1198 1921 32.
1238 1853 1306 1921 Nec

183 1956 308 2037 desunt,
331 1958 384 2037 qui
395 1956 576 2035 Boethium,
599 1977 677 2041 quos
699 1958 814 2024 refellit
828 1959 1026 2024 Ptolemaeus
1041 1958 1168 2024 Flavius
1190 1959 1222 2024 in
1239 1957 1306 2042 Syl-

184 2059 256 2142 loge
279 2059 547 2128 Oollectaneorum
576 2060 651 2146 Cap.
674 2061 769 2129 XCV.
819 2061 960 2126 Tullium
989 2068 1046 2128 aut
1067 2063 1216 2130 Ioannem
1242 2060 1309 2128 Clo-

184 2159 335 2226 niomium
358 2163 601 2241 commentator,
625 2184 718 2249 quem
746 2166 882 2247 inspexit
909 2165 1114 2232 Boxhornius.
1163 2163 1310 2230 Octauia-

181 2286 259 2328 num
291 2266 470 2333 Melchioris
504 2267 648 2334 Goldasti
682 2268 796 2334 Codex.
845 2270 888 2334 At
921 2289 995 2336 vero
1028 2269 1168 2352 plerique
1201 2289 1308 2337 omncs

186 2365 334 2432 Catonem
356 2370 475 2438 Libello
498 2372 673 2439 inscribunt
696 2369 752 2438 sed
778 2371 902 2439 diversa
924 2372 1089 2438 sententia.
1140 2373 1201 2438 Alii
1225 2392 1309 2439 nam·

180 2490 245 2553 que
267 2475 429 2555 Auctoris,
461 2475 514 2540 alii
544 2475 628 2542 tituli
651 2495 763 2542 nornen
787 2495 855 2542 esse
878 2481 1015 2543 censent.
1062 2477 1099 2542 lu
1121 2476 1179 2542 huc
1201 2483 1308 2542 autem

181 2575 337 2664 varietate
358 2577 437 2642 illud
461 2561 573 2644 nomen
595 2582 762 2668 praecipue
790 2580 995 2663 spectandum
1018 2598 1087 2646 esso
1109 2583 1201 2663 puto,
1224 2580 1309 2664 quod

182 2679 359 2761 Scriptores
383 2682 545 2764 aequales,
575 2687 631 2748 aut
654 2682 764 2748 saltem
787 2683 934 2766 proximi,
958 2689 1004 2760 et,
1031 2702 1101 2748 cum
1130 2683 1163 2747 hi
1186 2683 1308 2764 desunt,

182 2784 269 2866 quod
291 2785 502 2866 antiquissimi
531 2791 562 2851 et
584 2787 829 2867 praestantiores
852 2785 982 2852 Codices
1004 2784 1195 2868 praeierunt.
1242 2787 1308 2853 Hos

181 2887 210 2951 si
234 2887 273 2951 de
295 2890 419 2954 nomine
435 2889 580 2954 Auctoris
599 2889 753 2968 consulas,
776 2889 893 2955 nudlam
910 2889 1097 2956 discordiam
1120 2895 1175 2956 aut
1191 2890 1309 2957 dissen-

181 3007 254 3055 sum
276 2991 434 3067 invcniaS,
463 2991 518 3056 sed
541 3009 648 3058 omnes
674 2992 732 3059 tibi
753 2990 906 3058 Catonem
934 2988 1063 3060 dabunt'
1084 2998 1142 3058 etc.
1190 2993 1308 3060 Witho-

181 3091 293 3175 fius¹⁰)
317 3095 348 3158 in
371 3095 598 3160 Dissertatione
620 3095 635 3160 Ι
657 3095 698 3160 ad
719 3093 813 3161 finem
829 3095 904 3178 Cap.
922 3097 964 3160 IV
981 3095 1092 3162 rele'rt:
1111 3092 1307 3164 ‘Franciscus

182 3195 390 3273 Quinctianus
414 3196 490 3263 Stoa
513 3197 727 3280 (Epagraphia
742 3199 848 3264 Tertia
869 3219 899 3282 p.
916 3202 970 3283 48)
993 3200 1099 3264 nescio
1115 3219 1208 3282 quem
1222 3199 1303 3264 Pro-

184 3299 258 3360 bum
280 3306 316 3364 ut
338 3319 447 3365 verium
469 3305 628 3366 auctorem
645 3301 857 3368 Distichorum
873 3301 991 3382 laudat,
1016 3303 1212 3370 adsentiente
1229 3304 1307 3370 Nar-

182 3403 285 3470 niensi
308 3403 462 3470 Galeotto.
502 3403 535 3469 S.
560 3405 726 3472 Aemilium
749 3406 837 3471 illum
859 3407 995 3473 Probum
1017 3406 1050 3471 bi
1067 3407 1133 3472 Viri
1149 3407 1306 3473 intellexe-

181 3512 267 3584 runt,
289 3507 455 3574 Theodosii
472 3509 548 3590 Imp.
565 3509 698 3591 tempori
713 3527 880 3592 supparem
896 3511 1026 3591 ipsoque
1042 3510 1189 3590 Ausonio,
1204 3510 1305 3576 multo

182 3612 283 3694 magis
306 3613 401 3677 etiam
417 3609 602 3678 Vindiciano
623 3612 785 3692 iuniorem,
807 3612 896 3678 facile
919 3613 986 3677 eius
1008 3613 1163 3696 opinionis
1185 3611 1306 3678 falsitas

182 3715 295 3780 elucet.
341 3716 407 3781 imo
430 3716 479 3782 Jo.
503 3715 671 3781 Eduardus
695 3715 861 3795 Moninius,
884 3715 1010 3795 -Gallua
1033 3717 1065 3781 in
1088 3715 1189 3782 Praei.
1213 3716 1306 3781 Bere·

181 3816 343 3898 sitiriados
367 3823 399 3884 et
421 3818 505 3901 quod
527 3819 626 3900 magis
636 3819 754 3916 miror,
778 3818 987 3902 Marquardus
1009 3819 1165 3885 Preherus
1194 3819 1233 3884 de
1255 3819 1306 3884 In·

180 3919 279 3987 famia
300 3939 367 4004 cap.
393 3922 435 3986 ΙΙ.
465 3940 494 4002 p.
519 3921 581 3986 256
615 3921 752 4002 alibique
785 3919 934 3984 Senecam
966 3923 1052 3988 velut
1085 3921 1181 3988 libelli
1214 3922 1305 3988 istius

180 4027 351 4092 Auctorem
373 4026 549 4102 nominant,
577 4045 648 4093 cum
677 4033 781 4092 tamen
809 4026 973 4106 utriusque
1001 4025 1101 4108 stylus
1129 4045 1166 4093 ac
1194 4005 1331 4108 genius'

252 4285 283 4350 ¹⁰)
300 4284 409 4336 aloannia
432 4283 599 4335 Hildabrandi
623 4245 738 4336 withofii
761 4282 911 4335 Dissertatio
928 4283 953 4346 l,
976 4300 1025 4349 qua
1043 4300 1116 4334 verua
1137 4290 1162 4335 et
1178 4284 1303 4352 gonuinus

179 4369 276 4422 Auctor
293 4369 463 4424 Distichorum
480 4369 598 4437 Dionysii
616 4369 717 4423 Catonis
729 4369 768 4422 Do
783 4371 898 4424 Moribus
917 4369 952 4422 ad
960 4368 1053 4421 Filium
1067 4368 1201 4437 detegitur,
1220 4369 1244 4421 iu
1264 4369 1304 4422 ed.

180 4456 310 4508 muuenii
327 4473 343 4508 a
359 4473 417 4524 pag·
435 4456 579 4512 ora-540.
