3170 5090
669 451 758 506 cluo
775 451 1023 508 PHILOSOPHVS.

733 607 847 660 [Oorports
862 611 887 650 nt
898 611 989 651 cunctos
1003 608 1078 662 possis
1092 610 1204 663 depellere
1217 608 1321 664 morbosi

738 679 763 720 81
776 679 876 720 Romam
889 682 952 734 cuptr
966 683 989 722 et
1001 682 1073 722 ctrlcs
1088 691 1181 723 noscere
1194 681 1262 730 bella,
1383 684 1396 722 o

277 817 398 882 Ascensii,
416 817 511 882 Branti,
529 818 597 886 Irips.
616 827 642 870 et
659 818 746 871 Oolcu.
764 819 824 870 item
843 818 992 872 Puldrauni’.
1028 820 1082 876 Ital.
1102 821 1173 876 Caxt.
1195 821 1254 876 861.
1272 821 1336 872 Ven.
1354 821 1395 874 91.

276 903 393 957 Arntuen.
435 904 487 956 Alii
514 915 613 958 servant
638 903 699 971 baa,
726 905 789 957 inter
816 923 878 973 quos
905 906 988 959 Barth.
1008 907 1051 959 111.
1077 909 1102 963 6.
1128 909 1220 959 Danm.
1244 915 1269 959 et
1291 905 1394 957 Scriren

275 982 385 1042 Bioulrh.
404 991 436 1042 ed
454 991 510 1047 trib.
527 993 561 1053 Il,
580 993 604 1053 6,
624 994 646 1047 1.
683 991 809 1060 Scaliger:
824 989 936 1046 ‘Scribez
956 992 1047 1044 Macer
1064 993 1111 1044 lice
1128 993 1186 1044 tibi:
1205 993 1255 1044 nisi
1268 992 1396 1059 scripserit

276 1078 381 1129 Auctor:
400 1077 483 1130 Macri
500 1078 546 1129 tibi
563 1078 675 1130 carmina
692 1079 782 1130 dicent.
810 1079 858 1130 vix
876 1087 922 1142 est,
940 1088 968 1131 ut
987 1079 1060 1132 aliter
1072 1079 1198 1146 scripserit
1209 1075 1394 1146 gnomologus?

275 1163 361 1215 Macer
376 1163 406 1214 id
422 1163 485 1216 Ven.
503 1165 543 1219 93.
562 1165 647 1215 Prima
664 1164 764 1232 syllaba
781 1164 855 1232 vulgo
873 1165 1002 1232 corripitur
1019 1165 1096 1234 Verg.
1115 1165 1144 1216 lt.
1164 1165 1210 1226 ΠΙ,
1231 1167 1287 1220 100.
1322 1164 1394 1215 Mur·

275 1251 328 1304 tisl.
346 1251 379 1302 11.
397 1251 422 1313 6,
441 1252 481 1305 10.
500 1251 575 1302 etiam
594 1259 680 1316 quarto
699 1267 760 1304 casu
778 1252 839 1305 Hor.
858 1251 888 1306 E.
901 1253 935 1314 Il,
953 1256 976 1314 l,
991 1253 1053 1308 181:
1071 1252 1156 1318 palma
1167 1259 1258 1320 negata
1269 1267 1393 1304 macrum.

275 1335 389 1402 inprimis
407 1336 478 1388 Ovid.
498 1336 540 1388 'ln
559 1336 603 1398 IV,
623 1339 664 1399 10,
682 1340 723 1401 44,
742 1337 785 1390 ubi
803 1344 876 1404 poste
893 1346 978 1390 noster
996 1347 1207 1390 conmemoratur:

428 1423 548 1489 Quaeque
565 1431 638 1475 nocet
655 1439 766 1490 serpens,
787 1440 852 1488 quac
870 1424 941 1474 iuvat
958 1423 1044 1486 ber-bc,
1064 1423 1162 1476 Macer.

274 1510 439 1562 Arntreniue:
461 1509 591 1576 ‘Suspicor
613 1527 673 1577 ego,
695 1525 833 1576 pronomen
859 1510 907 1562 hoc
924 1527 975 1561 non
993 1528 1008 1561 a
1026 1510 1185 1562 miserandae
1201 1510 1276 1562 huius
1294 1509 1394 1576 praesa·

274 1597 348 1649 tionis
372 1596 504 1663 scriptore,
528 1603 614 1664 utpote
638 1597 681 1664 qui
705 1613 754 1648 non
778 1597 860 1648 minus
887 1598 1035 1648 Latinorum
1062 1614 1138 1663 quem
1156 1595 1321 1648 Barbarornm
1348 1612 1394 1645 ιιο-

274 1681 344 1732 rm'ec
360 1681 471 1746 propria
488 1699 603 1734 eorumve
621 1681 731 1750 syllabus
748 1682 891 1748 promiscue
909 1682 1023 1749 usurpsri
1041 1683 1205 1744 existimavit,
1230 1683 1276 1734 eed
1292 1682 1325 1734 ob
1343 1681 1394 1733 alio

275 1768 397 1838 quodum,
422 1775 449 1820 ut
466 1769 542 1821 errori
560 1777 643 1820 contra
666 1768 817 1838 legipediam
835 1769 968 1822 commisso
987 1778 1136 1832 occurreret,
1159 1787 1216 1822 esse
1233 1769 1394 1835 adscriptum,

275 1872 380 1921 eamque
397 1854 529 1908 lectionem
549 1855 656 1908 editores
676 1857 796 1922 deinceps
814 1856 972 1922 praetulisse.
1011 1857 1084 1908 Hanc
1105 1857 1190 1923 itaque
1212 1857 1244 1907 ob
1265 1855 1395 1918 rationem,

274 1941 440 2008 potissimum,
460 1942 526 2007 quod
545 1941 622 1993 muier
639 1941 758 2032 Coqlicum
776 1957 833 2008 pars
851 1941 946 2004 iubeat,
963 1958 1101 2008 pronomen
1124 1941 1172 1993 hoc
1196 1949 1310 1994 contextu
1327 1941 1393 1992 reie-

167 2088 169 2096 .
275 2023 370 2078 cimus'.
404 2025 443 2078 De
462 2026 571 2078 Aemilio
589 2025 683 2078 Macro
708 2035 796 2094 pocta,
824 2028 867 2094 qui
891 2027 992 2079 Tibullo
1016 2027 1177 2095 Vergilioque
1203 2027 1315 2094 aequalis
1338 2027 1394 2089 fuit,

275 2113 330 2164 vide
356 2112 467 2165 Bronlrh,
494 2113 526 2164 ad
553 2113 609 2164 tib.
627 2113 660 2174 II,
685 2114 709 2174 6,
737 2117 759 2168 l·
794 2113 868 2165 Voss.
893 2114 925 2164 de
943 2112 1009 2167 Hist.
1033 2113 1088 2166 Lat.
1113 2115 1133 2175 l,
1159 2116 1190 2169 16
1210 2121 1256 2166 etc.
1275 2112 1334 2164 dicit
1352 2113 1394 2164 'PS

276 2199 335 2266 (dic)
353 2198 376 2250 R
394 2199 437 2268 (m.
456 2199 479 2253 2.
498 2207 558 2254 mut.
577 2198 588 2248 i
605 2199 630 2250 in
649 2198 679 2263 c).
715 2198 793 2251 Rnwl.
813 2200 852 2254 60.
872 2199 968 2251 Veterr.
994 2197 1057 2267 ch.
1081 2199 1162 2252 Turio.
1184 2199 1247 2254 Ven.
1271 2202 1311 2255 91.
1337 2199 1393 2250 rell.

275 2285 345 2336 dicet.
1351 2329 1356 2340 .

343 2374 367 2426 4.
402 2371 450 2424 Hic
468 2388 553 2423 versue
569 2371 688 2423 laudetur
706 2388 736 2423 ex
754 2371 800 2425 Ed.
815 2372 954 2424 Pithoeena
973 2391 988 2424 a
1007 2373 1136 2442 Scaligero
1152 2381 1177 2425 et
1190 2389 1205 2424 a
1220 2369 1331 2436 Barthio,
1349 2371 1394 2438 qui

274 2477 331 2511 cum
349 2459 486 2527 genuinum
504 2465 595 2519 censet,
615 2458 682 2525 quod
696 2455 797 2510 ‘alludit
814 2459 847 2510 ad
871 2451 1010 2525 simplicem
1028 2468 1055 2513 et
1072 2460 1267 2512 vetustissimam
1285 2457 1392 2509 Medici·

275 2563 341 2608 nam,
358 2544 439 2596 verbis
457 2545 530 2596 modo
548 2562 632 2596 curam
652 2555 780 2612 gerentem
794 2546 946 2598 vmorborum
972 2548 1067 2613 absque
1089 2547 1299 2612 compositionum
1322 2561 1392 2595 sum-

275 2639 403 2682 tuosarurn
428 2627 631 2682 colluvionibus’.
667 2631 775 2682 Exsulat
802 2639 884 2698 eutem
908 2633 949 2706 ab¹
963 2633 1079 2684 omnibus
1102 2631 1165 2682 meis
1188 2631 1260 2682 codd.
1284 2637 1310 2681 et
1332 2629 1390 2683 edd.

274 2724 443 2784 praeteream
462 2716 584 2777 Scriverii,
602 2724 678 2783 atque
696 2717 810 2768 omnibus
822 2716 883 2768 Mes.
902 2717 1106 2784 editionibusque
1118 2717 1253 2770 Arntzenii.
1289 2716 1392 2784 Agnos-

275 2803 308 2853 cit
324 2819 383 2854 cum
399 2801 446 2853 Ed.
464 2801 544 2870 Lugd.
563 2801 617 2853 Bet.
639 2803 704 2858 1636
723 2811 748 2854 ct
765 2800 876 2854 Broukh.
894 2803 927 2853 ad
946 2802 1001 2854 Tib.
1020 2803 1038 2857 l.
1059 2803 1077 2852 l.
1101 2803 1162 2854 citet
1184 2820 1242 2854 eum
1265 2801 1312 2852 sub
1336 2803 1392 2850 Au·

275 2887 348 2940 cteris
370 2889 476 2940 nomine.

343 2975 368 3030 5.
404 2974 483 3039 cupie.
512 2974 632 3026 Malsciue
662 2975 802 3040 profitetur:
833 2972 957 3027 ‘ultimum
984 2975 1109 3042 syllabam
1136 2976 1243 3030 extendo
1270 2992 1321 3026 non
1347 2989 1393 3040 per

276 3059 382 3112 ἔκτασιν
406 3079 451 3113 sen
473 3078 520 3129 per
537 3079 678 3123 ceesurnm,
703 3063 748 3114 sed
772 3063 830 3129 quia
847 3063 951 3114 Veteres
970 3063 1139 3114 indifferenter
1156 3077 1247 3126 cupere
1264 3071 1289 3113 et
1305 3061 1393 3126 cupite

275 3143 404 3200 dicebant'.
424 3148 487 3200 conf.
505 3147 602 3200 Lucret.
621 3149 642 3210 l,
662 3149 705 3203 62:
725 3149 822 3214 cupiret
838 3148 922 3215 ibique
941 3148 1023 3200 (tisun.
1039 3148 1139 3212 punica
1156 3165 1258 3200 noscere
1277 3145 1390 3198 sYHuu

274 3234 396 3300 (africane
412 3233 457 3302 gli)
475 3233 546 3286 DKV
570 3235 717 3300 (africanum
735 3234 844 3296 bellum,
873 3236 898 3287 in
923 3253 972 3302 quo
990 3235 1056 3287 cario
1078 3235 1124 3286 suit
1142 3234 1260 3288 devictus.
1277 3233 1323 3300 gl.)
1341 3233 1393 3287 328

274 3320 349 3387 Digb.
367 3319 444 3372 Ruwl.
463 3321 504 3375 57.
523 3323 563 3376 60.
593 3320 678 3387 Gemp.
706 3321 762 3372 Put.
789 3320 830 3371 Pr.
857 3321 914 3372 Ital.
941 3321 1019 3374 Cextt
1042 3322 1100 3376 861.
1118 3322 1159 3376 83,
1184 3321 1245 3372 Vcn.
1266 3321 1307 3375 91.
1328 3318 1392 3371 coll.

274 3407 348 3458 Voss.
366 3405 471 3460 Membr,
489 3407 562 3458 Voss.
580 3415 606 3458 et
623 3408 679 3458 Vct.
697 3407 760 3474 Reg.
779 3416 804 3458 et
821 3423 924 3458 noscere
942 3409 1034 3474 punica
1051 3407 1120 3459 belle
1145 3406 1233 3458 Leidd.
1254 3405 1273 3457 I.
1292 3404 1323 3455 11.
1340 3419 1392 3468 pu-

272 3493 346 3559 pnioa
362 3509 465 3544 coacere
483 3492 549 3544 bellu
564 3493 633 3546 Leid.
645 3495 689 3546 111.
705 3502 729 3546 et
746 3494 803 3546 Vet.
822 3495 905 3545 Chert.
928 3495 965 3545 ccl
987 3495 1078 3560 punica
1097 3493 1176 3544 Rawl.
1195 3495 1236 3553 6οι
1260 3490 1392 3553 Quaeritur

274 3595 348 3640 saue,
370 3577 619 3646 possintnePuoicc
644 3579 708 3630 bella
732 3579 780 3630 lroc
803 3581 858 3631 loco
876 3596 920 3646 pro
939 3581 1080 3648 quibusque
1097 3579 1214 3647 gravibus
1231 3577 1306 3628 bellis
1324 3576 1392 3642 poni.

275 3665 398 3718 Substitui
416 3681 473 3716 cum
491 3663 629 3726 Scriverio‚
653 3664 775 3726 Daumic,
800 3665 873 3717 Corsi.
898 3674 923 3716 et
941 3666 1011 3718 Cruc.
1030 3665 1123 3727 civice,
1140 3681 1197 3715 cum
1214 3663 1308 3714 Punica
1326 3662 1394 3713 bella

274 3750 307 3802 ad
325 3750 450 3804 Lucanum
469 3751 552 3802 minus
570 3751 711 3818 pertineant
736 3769 810 3818 quam
834 3751 866 3802 ad
885 3751 976 3803 Silium
993 3752 1122 3814 Italicum,
1142 3768 1291 3818 quamquam
1308 3765 1394 3802 verum

275 3837 317 3899 eit,
336 3836 413 3889 civica
431 3835 497 3888 bella
514 3837 587 3888 etiam
606 3853 661 3888 csse
678 3836 805 3888 Romane.
840 3837 959 3890 Berthius
971 3839 1035 3890 lev.
1054 3837 1124 3899 XXI,
1138 3839 1168 3892 21
1188 3839 1327 3904 suspicatus
1345 3844 1393 3896 est,

275 3923 397 3978 excidisse
423 3924 560 3990 quaedem,
592 3943 655 3990 quac
684 3925 717 3976 ad
745 3925 835 3977 Silium
861 3925 976 3978 ltelioum
1005 3925 1114 3978 aliumve
1142 3933 1227 3976 essent
1256 3923 1393 3976 reserenda.

274 4009 436 4062 Arntcenius:
452 4005 590 4061 ‘Omissum
608 4010 649 4062 hio
665 4010 727 4061 nihil
741 4029 804 4073 esse,
823 4019 865 4063 eut
885 4011 962 4064 alium
982 4020 1090 4077 poetam,
1108 4011 1229 4063 bellorum
1244 4011 1394 4062 Punicorum

275 4096 410 4148 Auctorem
427 4113 478 4146 non
495 4095 609 4146 additum
626 4095 713 4156 fuisse,
731 4097 790 4147 inde
808 4097 929 4164 suspicor,
948 4097 1015 4164 quod
1033 4114 1089 4148 mor
1105 4097 1130 4151 in
1143 4097 1246 4148 Lucano
1262 4098 1288 4148 iu
1306 4096 1394 4148 eodem

275 4199 348 4234 versu
366 4181 507 4248 subiungit:
527 4181 572 4246 qui
590 4179 684 4232 illectis
696 4183 803 4248 praelia
820 4182 893 4234 dicit.
930 4183 1005 4246 Quod
1022 4183 1096 4249 plane
1113 4183 1252 4251 langueret,
1270 4183 1292 4233 si
1310 4182 1335 4232 in
1352 4199 1393 4233 se-

276 4268 415 4334 quentibus.
427 4266 564 4332 versiculis,
585 4267 628 4334 qui
645 4283 712 4319 nunc
730 4267 865 4320 desiderari
877 4269 1020 4331 creduntur,
1038 4269 1151 4322 similiter
1163 4268 1206 4321 alii
1223 4276 1394 4336 sequerentur,

276 4355 320 4424 qui
337 4352 436 4406 Martie
452 4353 554 4420 proclia
572 4351 708 4406 dicerunt?
