3148 5102
337 470 371 522 14
541 517 545 524 ,
723 465 815 519 CATO
832 463 1054 520 11111108011111
1055 464 1083 518 S.

361 629 409 690 18.
443 621 522 688 Onm
544 621 641 690 iueria
663 619 746 704 felix,
769 639 850 706 quae
871 625 947 688 sunt
967 621 1109 702 adversa,
1131 625 1256 699 caveto;

445 725 517 794 Non
539 725 647 794 eodem
670 745 765 794 cursu
786 725 978 809 respondent
998 723 1108 790 ultima
1128 723 1246 806 primis.

361 833 410 898 19.
443 829 523 897 (lum
545 829 643 898 dubia
665 835 697 895 et
718 827 839 912 fragilis
861 829 904 894 sit
924 827 1014 894 nohis
1035 827 1101 894 rita
1122 827 1252 907 tributa,

443 934 482 999 In
502 938 636 1000 mortem
657 933 787 1000 alterius
810 951 897 1015 spem
919 937 955 997 tu
977 931 1035 998 tibi
1056 948 1173 1014 ponere
1194 929 1268 996 noli.

359 1043 409 1104 20.
443 1037 600 1121 Exiguum
621 1055 735 1103 munus
757 1055 829 1103 cum
851 1037 906 1102 dat
926 1035 984 1101 tibi
1005 1053 1125 1118 pauper
1148 1035 1277 1112 amicus,

442 1142 584 1224 Accipite
605 1140 735 1224 placide,
759 1139 817 1224 [et]
840 1139 931 1222 plene
951 1139 1081 1231 laudare
1102 1142 1267 1206 memento.

290 1329 293 1337 ¹
356 1251 407 1311 21.
439 1243 595 1312 Infantem
616 1244 736 1312 nudum
757 1263 827 1312 cum
848 1249 881 1311 te
902 1243 1026 1310 Natura
1048 1243 1171 1319 crearit,

443 1349 643 1432 Paupertatis
666 1367 745 1414 onus
766 1348 924 1431 patienter
945 1346 1028 1414 terre
1049 1351 1214 1413 memento.

357 1457 408 1518 22.
442 1453 491 1518 Ne
512 1454 623 1519 timeas
645 1451 740 1529 illam,
762 1469 843 1534 qnae
865 1453 948 1517 vitae
970 1456 1019 1516 est
1040 1450 1151 1516 ultima
1172 1449 1259 1516 finis:

439 1555 500 1634 Qui
520 1562 652 1623 mortem
675 1555 796 1638 metuit,
820 1555 906 1639 quod
927 1555 1014 1635 vivit,
1035 1553 1138 1637 perdit
1160 1553 1192 1618 id
1214 1554 1328 1636 ipsum.

349 1703 354 1712 ⁵
404 1709 442 1765 18.
470 1728 534 1778 quae
551 1710 603 1762 sint
620 1709 714 1762 attur
732 1711 809 1778 (que).
841 1709 901 1762 Non
923 1709 1002 1760 simili
1023 1726 1097 1760 cursu
1121 1709 1221 1760 suarius
1244 1708 1339 1760 dietum
1358 1707 1457 1760 ridetur

332 1795 437 1849 Malscio
455 1814 531 1864 quam
549 1795 609 1848 Non
627 1797 712 1849 eodem
729 1813 816 1848 carra.
835 1796 906 1846 odero
924 1795 987 1848 Iton.
1006 1795 1102 1847 Veterr.
1118 1795 1182 1861 Beg.
1193 1793 1290 1847 Jroreto
1302 1793 1368 1847 0911.
1380 1793 1455 1846 Voss.

403 1883 442 1937 19.
469 1885 542 1935 nobis
564 1885 598 1936 sit
618 1885 686 1936 Edit.
710 1873 790 1936 Paris.
814 1883 887 1936 nobis
909 1882 952 1932 oia
974 1882 1050 1936 Boill.
1085 1883 1115 1933 In
1140 1888 1244 1933 mortem
1261 1879 1456 1931 BETDVXKM

331 1966 395 2021 Rex.
421 1968 484 2020 Vox.
505 1969 573 2022 Mox.
597 1972 653 2022 Vet.
678 1970 761 2021 011111.
784 1969 890 2022 Membr.
915 1970 988 2020 Voss.
1010 1968 1068 2020 Vei.
1090 1968 1154 2036 Reg.
1178 1967 1268 2019 heidd.
1289 1967 1322 2019 11.
1344 1967 1391 2020 111,
1414 1965 1455 2018 Pr.

331 2052 437 2104 Membr.
459 2055 517 2107 Bas.
536 2057 616 2123 Neap.
639 2056 694 2108 Ital.
713 2055 796 2108 Caxtt.
820 2057 879 2110 861.
898 2055 939 2109 83.
958 2058 1077 2106 hrntaen.
1095 2061 1141 2106 etc
1159 2061 1237 2106 morte
1254 2053 1328 2120 Digb.
1348 2051 1454 2104 Seritur.

331 2139 421 2191 Daum.
441 2149 486 2194 etc.
532 2143 612 2194 Casus
640 2149 742 2208 quartus
768 2142 794 2192 in
821 2159 869 2192 usu
898 2149 951 2208 erat
973 2149 1002 2192 nt
1024 2149 1116 2194 sextus.
1139 2139 1353 2201 mannum,
1375 2139 1454 2194 3511

331 2228 419 2280 aedem
443 2229 568 2282 Herculis.
605 2229 676 2282 Orid.
694 2229 729 2280 M.
746 2229 815 2296 VIII,
844 2229 909 2284 452:
939 2227 1050 2294 stipitem
1073 2227 1099 2276 in
1120 2227 1211 2294 ignem.
1246 2225 1312 2279 Geli.
1330 2225 1376 2287 111,
1407 2224 1453 2279 15:

332 2331 448 2366 coronam
466 2316 492 2367 in
510 2323 594 2383 caput.
618 2315 825 2378 cremarat:
845 2329 916 2382 spem
934 2330 1034 2366 omnem
1052 2311 1096 2363 otii
1114 2312 1140 2362 in
1157 2312 1314 2379 Pompeium.
1333 2310 1452 2362 Arntaen

329 2401 409 2453 adfert
426 2418 476 2454 esce
493 2401 523 2453 in
537 2409 692 2467 potestateve,
711 2404 838 2468 honorem,
857 2402 943 2454 uenire
961 2402 990 2452 ia
1003 2409 1136 2467 potestate,
1159 2408 1293 2465 compecto
1310 2405 1386 2464 atque
1405 2397 1454 2449 alia

330 2487 357 2538 id
373 2505 462 2555 genus.

398 2577 439 2630 20.
466 2592 521 2626 cum
540 2576 581 2626 det
599 2577 656 2628 Vet.
675 2575 758 2626 Chart.
777 2583 802 2626 et
819 2575 924 2627 Membr.
942 2573 1168 2630 29901111861.
1188 2575 1229 2629 83.
1247 2573 1304 2624 1911.
1322 2589 1380 2624 cum
1398 2571 1451 2624 dot.

331 2659 430 2725 placide
451 2661 526 2726 plene
548 2661 736 2713 YSHETDKX
759 2661 865 2713 Membr.
885 2661 959 2716 Voss.
978 2662 1075 2713 Vetera.
1098 2661 1161 2728 Reg.
1181 2658 1247 2712 0911.
1265 2660 1339 2712 Voss.
1362 2641 1452 2711 Leidd.

332 2745 351 2796 1.
371 2747 405 2798 11.
425 2745 509 2798 Turio.
532 2775 565 2785 ·-
587 2755 610 2798 et
633 2749 708 2814 plene
730 2748 835 2800 Membr.
860 2745 921 2798 Bas.
947 2747 1016 2799 0111.
1034 2749 1092 2802 861.
1110 2746 1209 2814 placide
1226 2753 1252 2797 et
1268 2747 1344 2812 plene
1360 2745 1453 2813 Rieta

332 2831 355 2884 2.
374 2832 418 2897 m.)
445 2833 561 2899 placidae
587 2841 611 2882 et
635 2833 711 2900 plene
728 2834 791 2885 Ven.
811 2835 852 2887 91.
880 2833 994 2900 placide,
1021 2841 1044 2884 et
1070 2833 1107 2900 pl.
1132 2833 1207 2900 Digh.
1230 2831 1321 2884 Deum.
1345 2831 1450 2884 Scriver.

330 2915 410 2984 Nesp.
428 2918 550 2985 aliaeque.
568 2919 666 2986 placide
684 2919 808 2985 pleneque
824 2917 853 2969 M
870 2919 911 2970 Pr.
930 2919 1029 2986 placide
1050 2919 1139 2986 plene:
1163 2926 1186 2968 et
1205 2919 1273 2970 Gaxt.
1292 2917 1334 2971 83.
1352 2916 1451 2984 placide

330 3002 406 3070 plene
423 3011 446 3054 et
463 3005 520 3056 Ital.
538 3004 655 3057 Arataen.
673 3005 779 3071 placide,
798 3005 873 3072 plene
892 3013 920 3056 ut
937 3005 1023 3056 Barth.
1049 3005 1096 3056 col.
1116 3005 1184 3060 1180
1201 3012 1227 3055 91
1243 3003 1401 3056 Almeloren.
1420 3001 1451 3053 ad

330 3105 408 3156 marg.
427 3090 577 3157 exemplaris
595 3097 731 3144 notaverat.
767 3091 819 3144 Sed
837 3093 944 3144 omissae
962 3091 1101 3160 particulae
1117 3091 1191 3142 facile
1205 3089 1318 3157 suppleri
1335 3097 1450 3156 possunt.

329 3174 405 3241 plene
422 3175 534 3228 laudare
551 3184 579 3228 ut
595 3177 658 3230 Hor.
675 3179 697 3228 E
715 3177 748 3239 Π,
767 3180 792 3239 2,
812 3181 852 3233 10.
870 3177 974 3246 placide
991 3179 1007 3232 i.
1026 3178 1125 3246 placido
1137 3177 1207 3229 vultu
1220 3177 1291 3229 Orid
1309 3177 1338 3226 F.
1356 3176 1391 3238 11,
1409 3177 1450 3230 at.

397 3263 439 3317 21.
465 3261 521 3314 Hoc
548 3263 672 3315 distichon
698 3278 747 3314 om.
771 3263 806 3315 M.
828 3264 891 3315 Rex.
915 3263 970 3314 Vet.
993 3264 1057 3330 Reg.
1076 3261 1140 3316 coll.
1168 3263 1242 3313 Voss.
1265 3261 1336 3314 Leid.
1353 3237 1385 3312 11.
1422 3261 1458 3312 In·

329 3346 385 3398 edd.
412 3345 471 3402 Bas.
499 3355 525 3398 et
550 3347 630 3416 Neap.
657 3356 714 3415 post
740 3349 798 3400 dist.
821 3350 855 3404 20
878 3355 1018 3415 sequuntur
1041 3351 1083 3402 22.
1106 3349 1146 3403 23.
1172 3351 1213 3402 21.
1239 3348 1272 3402 24
1289 3354 1334 3400 etc.
1358 3347 1448 3400 crearit

327 3431 466 3484 RSYHTE
488 3432 553 3487 Van.
576 3435 617 3489 93.
641 3433 732 3486 Deum.
755 3435 872 3485 Arutaen.
899 3433 991 3486 creavit
1013 3434 1135 3487 VDBXK
1157 3435 1220 3488 Vox.
1249 3435 1316 3488 Mox.
1342 3433 1448 3487 Membr.

326 3518 403 3570 Voss.
426 3518 496 3573 Leid.
519 3520 563 3572 III.
583 3520 645 3571 Ven.
665 3523 706 3576 91.
742 3521 809 3571 Flor.
830 3521 896 3588 Aug.
922 3521 997 3573 Vind.
1023 3521 1105 3572 [leem.
1128 3521 1224 3574 Erasm.
1251 3521 1326 3572 Boill.
1345 3521 1448 3574 Scriver.

327 3605 360 3660 al.
379 3605 459 3656 honus
477 3606 509 3682 B.¹
525 3603 691 3672 Paupertoto's
708 3623 773 3657 unus
790 3607 875 3657 dicunt
893 3607 949 3659 Ter.
968 3607 1068 3661 Phorm.
1085 3608 1106 3670 I,
1125 3609 1149 3669 2,
1173 3609 1208 3663 44
1225 3606 1276 3660 Cic,
1294 3607 1323 3660 Τ.
1342 3607 1387 3668 111,
1406 3608 1447 3669 56,

326 3699 355 3742 ut
371 3692 504 3743 senectutis
521 3709 585 3742 onas
603 3693 655 3744 Cic.
674 3693 706 3744 de
724 3693 822 3749 Senect.
841 3713 894 3762 cap.
909 3699 932 3749 l.
969 3693 1102 3748 Caeterum
1120 3696 1161 3747 adi
1174 3695 1381 3764 Gannegieterum
1393 3713 1448 3762 cap.

325 3775 407 3832 XXII.
426 3779 470 3845 qui
483 3796 513 3846 p.
532 3780 583 3834 458
601 3779 673 3830 dicit:
689 3776 819 3831 ‘Naturam
837 3781 878 3831 hic
894 3781 977 3832 Deum
994 3782 1079 3850 accipe
1103 3799 1133 3834 ex
1151 3781 1291 3833 Stoicorum
1314 3771 1446 3845 sententia,

326 3863 358 3915 de
375 3881 424 3930 qna
441 3882 464 3916 v.
483 3863 604 3916 Senecam
623 3865 655 3916 de
673 3863 761 3917 Benei.
779 3865 823 3927 IV,
843 3867 867 3920 8.
905 3865 980 3922 Quod
997 3866 1057 3917 vivit
1074 3885 1124 3919 non
1142 3867 1225 3919 solum
1248 3868 1372 3936 significat
1392 3867 1446 3920 dies

325 3951 412 4012 lactea,
430 3950 568 4002 sedetiam
585 3951 676 4002 merito
694 3951 727 4018 (v.
746 3952 802 4003 dist.
821 3954 942 4020 subseq.),
960 3955 1069 4021 negotia,
1088 3955 1175 4006 officia.

393 4038 434 4092 22.
461 4036 523 4088 dana
545 4039 606 4090 vivit
628 4038 692 4092 Vox.
716 4039 773 4090 Vct.
797 4039 879 4090 chart.
903 4039 973 4091 Leid.
992 4041 1038 4094 ΙΙΙ.
1062 4041 1126 4092 Cast
1142 4043 1183 4096 83.
1217 4039 1278 4092 Non
1297 4041 1387 4094 timeas
1404 4041 1444 4093 Pr.

324 4123 435 4192 perdidit
450 4125 513 4178 Ros.
532 4125 589 4178 Vet.
608 4125 690 4177 Ghart.
710 4125 775 4178 coll.
794 4125 868 4178 Voss.
887 4125 917 4177 id
935 4144 983 4180 om.
1004 4127 1099 4182 Veterr.
1117 4128 1181 4196 Reg.
1215 4127 1254 4180 Ne
1277 4128 1366 4181 timeas
1391 4129 1445 4192 itta,

324 4227 389 4276 quas
406 4211 456 4262 vita
474 4211 558 4266 Turio.
576 4212 637 4262 civit
654 4230 699 4280 pro
717 4214 832 4264 laetatae·
849 4213 939 4280 accipit
956 4215 1073 4267 Arntaen.
1092 4215 1156 4268 conf.
1174 4213 1259 4266 Barth.
1277 4215 1311 4266 ad
1328 4214 1407 4268 Rutil.
1425 4215 1444 4276 1,

323 4297 382 4351 328.
417 4296 456 4348 Ex
472 4298 505 4359 lI,
524 4298 580 4349 diat.
593 4298 618 4360 3,
637 4300 708 4350 cuius
725 4317 796 4352 mens
815 4301 903 4352 eadem
920 4301 972 4352 fere
989 4308 1035 4365 est,
1053 4301 1140 4353 lectio:
1161 4299 1213 4357 dat
1229 4309 1333 4353 mortem
1349 4300 1443 4361 metuit,

323 4381 417 4433 amittit
432 4383 532 4450 pendia
549 4385 615 4436 uitae
632 4388 659 4437 in
676 4387 781 4440 Membr.
799 4387 842 4440 Pr.
859 4385 939 4454 Neap.
955 4388 1014 4440 Bas.
1034 4389 1144 4455 proiecta
1160 4395 1206 4441 est
1243 4388 1306 4441 011111
1323 4385 1370 4440 IV.
1386 4386 1444 4439 dist.

323 4471 367 4526 22:
386 4468 447 4523 Non
463 4473 550 4524 enotuit
567 4480 679 4539 mortem,
697 4475 742 4542 qni
758 4475 804 4527 scit
829 4482 985 4527 contemnere
1007 4474 1086 4529 otram
1108 4477 1156 4530 hoc
1178 4477 1309 4531 conferens
1327 4475 1441 4530 Boxhor-
