3170 5090
681 492 781 545 LIBER
798 495 816 544 Ι.

228 653 277 718 38.
312 651 411 730 Quem
434 667 585 733 superare
606 652 704 731 potes,
729 647 885 714 interdum
908 647 996 714 vince
1018 647 1162 727 terend03

313 753 450 820 Maxima
472 752 555 818 enim
577 769 698 818 morum
720 755 769 817 est
790 769 913 834 semper
935 752 1089 834 patientie
1111 753 1220 818 virtus.

231 861 279 924 39.
315 855 474 922 Conserva
494 853 608 936 potius,
631 871 712 935 quae
735 857 809 919 sunt
831 853 893 918 iam
915 860 1007 937 parta
1029 855 1150 923 labore:

314 957 393 1024 Cum
414 957 503 1025 labor
524 957 557 1023 in
580 958 694 1024 damno
719 961 776 1039 est,
800 957 912 1024 crescit
935 959 1075 1024 mortalis
1102 964 1235 1042 egestas.

204 1149 255 1202 nio.
273 1148 303 1198 in
320 1147 363 1198 iro
379 1148 449 1200 Leid.
466 1147 486 1199 1.
505 1147 569 1198 coni.
583 1146 644 1198 Hor.
662 1146 692 1198 Ε.
710 1146 731 1208 1,
750 1148 774 1208 2,
793 1147 842 1202 59:
862 1175 894 1186 -
910 1175 942 1186 -
956 1148 997 1214 qui
1015 1165 1065 1200 non
1083 1149 1251 1202 moderabitur
1268 1149 1326 1202 irae.

204 1235 339 1288 moderare
357 1233 404 1286 citt
421 1235 479 1285 Bas.
496 1231 576 1298 Neap.
1301 1230 1307 1245 ’

274 1322 315 1377 38.
344 1320 414 1382 Quae
437 1336 554 1386 superare
577 1320 618 1371 ed.
637 1319 719 1370 Trem.
746 1319 816 1370 vince
832 1320 945 1393 ferendo
967 1322 1143 1389 suprascriptis
1166 1323 1247 1374 verbis
1268 1321 1328 1374 cede

205 1407 291 1460 sodali
309 1407 406 1470 Turio,
433 1407 567 1474 repetitum
593 1424 623 1458 ex
646 1405 842 1473 praeced-dist.
870 1407 911 1461 34.
952 1407 1003 1459 Pro
1025 1405 1155 1457 interdum
1178 1407 1327 1460 Arntaenius

205 1495 337 1562 proposuit
353 1491 473 1557 infestum
491 1492 507 1543 i.
525 1509 614 1559 parurn
631 1491 737 1552 laetum,
757 1491 860 1554 tristem,
879 1492 1100 1556 melancholicum;
1116 1492 1240 1544 Daumius
1257 1511 1327 1546 reee-

205 1581 245 1648 pit
261 1593 453 1647 nonnunquam.
489 1578 599 1630 Maxima
616 1579 706 1630 etenim
724 1579 747 1630 D
765 1579 837 1631 Leid,
852 1580 896 1631 111.
915 1581 957 1632 Pr.
977 1578 1057 1631 Oextt.
1075 1578 1133 1632 Sbl·
1146 1579 1186 1634 83.
1222 1579 1328 1631 Maxime

206 1653 302 1717 etenim
318 1665 361 1716 bb·
372 1665 460 1716 torum
477 1667 507 1716 Ε.
525 1664 595 1716 Leid.
613 1666 645 1716 ΙΙ.
663 1665 719 1716 vet
738 1664 802 1734 Reg.
819 1673 859 1717 est
877 1683 925 1717 om.
943 1665 1014 1716 ΕΒΗ
1031 1664 1110 1732 Neap.
1128 1663 1187 1716 Bas.
1209 1665 1239 1716 In
1257 1665 1276 1718 S
1294 1673 1329 1716 est

206 1769 234 1802 a.-
248 1769 264 1805 r.
283 1768 316 1802 m.
334 1751 400 1802 iuter
416 1766 515 1800 morum
532 1758 557 1802 et
573 1741 670 1815 semper
688 1768 764 1818 supra
781 1751 891 1817 positum
909 1759 953 1804 est.

274 1838 315 1893 39.
341 1836 394 1887 iam
409 1843 469 1888 eunt
485 1835 543 1888 Bas.
561 1836 640 1904 Neep.
658 1836 722 1891 Ven.
740 1837 781 1892 93.
799 1837 882 1904 potius
908 1837 1024 1901 quaesita
1041 1845 1064 1888 et
1082 1838 1222 1890 coniectura
1239 1837 1328 1889 Alme-

204 1923 310 1978 lovenii:
330 1939 396 1987 quoe
413 1930 473 1974 snut
490 1922 543 1974 ium
561 1921 688 1992 coeremita
699 1941 730 1990 p.
749 1923 767 1972 i.
786 1923 856 1979 Leid.
875 1924 894 1975 Ι.
914 1922 1094 1990 Gannegistcro
1116 1923 1189 1976 tuber
1211 1926 1238 1975 in
1256 1941 1328 1976 versu

169 2039 170 2046 κ
205 2011 290 2076 priore
313 2009 387 2062 aliter
410 2010 525 2078 usurpari
548 2009 657 2071 videtur,
681 2009 753 2061 aliter
765 2009 797 2060 ·in
821 2009 914 2073 altero;
938 2009 1023 2061 labore
1041 1995 1112 2078 parta
1128 2011 1194 2062 enim
1212 2019 1271 2062 sunt
1288 2009 1328 2060 iu·

206 2095 309 2146 dentrice
327 2104 407 2165 parta,
427 2096 497 2148 labor
521 2097 548 2146 in
565 2113 638 2146 versu
661 2096 741 2148 altero
763 2111 817 2146 rem
841 2097 927 2147 labore
946 2096 1096 2160 quaestam,
1109 2097 1219 2148 denotat.
1242 2094 1329 2146 labore

202 2189 312 2247 partum
336 2181 433 2238 Terent
457 2183 558 2234 Phorm.
577 2183 597 2243 I,
621 2185 647 2244 l,
673 2183 717 2238 12:
741 2179 843 2234 Solibus
867 2182 983 2248 abreptae
1005 2181 1080 2233 hiemi
1095 2182 1209 2250 formica
1231 2182 1329 2233 labores

206 2265 316 2320 Distulit
336 2267 424 2322 Arion.
442 2268 503 2320 Fab.
521 2267 639 2330 XXXIV,
658 2268 682 2324 5.
717 2268 869 2320 Arntzenius
894 2269 941 2320 hoc
966 2267 1040 2320 mode
1064 2269 1217 2336 distinguere
1238 2267 1327 2319 voluit:

361 2371 489 2424 conserva
506 2373 597 2439 potius,
617 2389 681 2439 quae
699 2373 751 2423 iam
768 2380 828 2424 suut
844 2380 929 2440 parta3
949 2370 1034 2422 labore

361 2458 444 2520 Quum
462 2458 533 2510 labor
549 2459 575 2512 in
593 2459 683 2510 damno
702 2468 748 2521 est,
767 2458 854 2510 crescit
872 2458 983 2510 mortalis
1000 2465 1106 2525 egestas,

207 2557 349 2630 exponere:
365 2558 431 2612 ‘Hoc
448 2570 493 2626 est,
511 2563 594 2628 potins
614 2580 742 2624 conserva,
761 2580 826 2630 quae
843 2563 892 2614 iam
910 2569 980 2630 parta
998 2570 1070 2631 eunt3
1088 2577 1146 2611 narn
1163 2577 1239 2626 quum
1257 2559 1329 2611 labor
1425 2627 1428 2634 Ι

209 2656 253 2710 eet,
270 2649 319 2700 boc
336 2656 381 2710 est,
399 2657 512 2701 versatur
528 2650 554 2700 in
572 2650 696 2702 sumtibus
714 2659 739 2701 et
756 2649 871 2717 expensis
889 2648 1024 2706 faciendis,
1048 2655 1076 2698 ut
1092 2646 1185 2698 iaciunt
1204 2646 1327 2708 damnosi,

209 2734 354 2800 supervenit
371 2743 397 2786 et
413 2734 501 2786 crescit
517 2735 640 2801 paulatim
657 2731 771 2802 egestas’.
806 2735 841 2786 At
858 2734 989 2786 dicendum
1008 2741 1054 2794 est,
1078 2733 1142 2784 benc
1159 2731 1330 2799 distinguendi

208 2821 329 2872 rationem
347 2829 422 2888 atque
440 2821 620 2889 expositionem
638 2839 695 2873 esse
711 2821 821 2882 Daunii,
841 2821 884 2887 qui
901 2837 928 2887 p.
945 2823 978 2876 94
1002 2820 1065 2871 heac
1082 2819 1169 2871 habete
1191 2815 1286 2896 ‘Quum
1303 2817 1341 2898 inp

208 2905 301 2956 damno
319 2913 358 2957 eat
374 2905 453 2968 labor,
473 2907 561 2958 crescit
579 2915 726 2974 paupertas,
744 2907 829 2956 neseio
848 2922 880 2956 au
899 2905 934 2956 ita
950 2905 1039 2956 Latine
1056 2905 1125 2970 loqui
1144 2905 1235 2970 possis.
1270 2903 1329 2954 nte-

208 3007 284 3058 gans,
307 2999 333 3042 et
354 3000 383 3042 ut
404 2991 503 3044 videtur
519 2993 641 3060 genuina,
666 2993 754 3052 lectio,
780 2991 906 3043 sententie
922 3001 996 3056 certe,
1016 2991 1173 3042 distinctione
1190 2997 1272 3058 potest
1287 3006 1328 3040 re-

209 3076 279 3128 stitui
296 3078 429 3144 perfacile:

361 3163 486 3217 conserva
503 3168 595 3235 potins,
613 3183 678 3234 quae
696 3167 745 3218 ism
764 3177 822 3218 sunt
840 3175 927 3234 parta;
946 3167 1040 3225 labore,

361 3252 444 3315 Quum
462 3252 533 3304 labor
549 3255 575 3304 in
593 3253 685 3304 damno
703 3262 749 3315 est,
767 3254 855 3305 crescit
872 3251 982 3304 mortalis
1000 3259 1106 3318 egestas.

208 3336 305 3388 Labore
322 3338 379 3404 ipso
397 3339 484 3390 crescit
501 3347 610 3406 egestas,
629 3357 705 3405 quum
723 3340 831 3400 laboras,
853 3349 883 3390 ut
900 3339 1018 3402 damnum
1035 3337 1120 3398 facias,
1139 3337 1187 3388 hoc
1204 3343 1250 3396 est,
1269 3351 1328 3402 per·

209 3423 254 3476 das
272 3423 333 3476 luxu
351 3433 377 3477 et
394 3425 491 3478 deliciis
509 3427 558 3478 iam
577 3423 661 3494 patta‘.
698 3427 750 3478 Sed
769 3425 817 3478 bae
835 3425 1012 3491 explicationes
1030 3431 1089 3474 sunt
1111 3429 1237 3474 contortae
1254 3428 1330 3486 atqua

208 3527 224 3559 a
241 3509 518 3577 simplicitatercatcnis
535 3513 640 3564 alienae,
676 3513 732 3564 Vox
753 3510 840 3562 latore
862 3511 888 3561 in
911 3510 995 3576 priore
1018 3526 1091 3561 versu
1113 3508 1180 3558 idern
1198 3506 1330 3574 significata

208 3597 277 3662 qnod
292 3597 368 3669 labor
384 3598 409 3649 in
428 3599 514 3650 altero.
553 3599 615 3650 Oam
637 3599 711 3650 labor
733 3598 763 3648 in
786 3597 880 3648 domno
904 3603 952 3657 eet,
974 3596 991 3646 i.
1015 3595 1104 3648 sedula
1122 3599 1272 3658 curentque
1289 3591 1329 3641 in·

209 3683 304 3734 dustria
322 3683 452 3746 decrescit,
471 3686 558 3739 crescit
575 3694 717 3754 paupertas.
736 3684 800 3736 conf.
812 3683 878 3736 Geli.
889 3681 947 3744 XX,
966 3683 996 3736 2:
1015 3682 1090 3733 lunae
1102 3687 1238 3746 cupmenta
1254 3685 1330 3742 atque

208 3767 313 3819 domna.
349 3769 436 3821 Sidon.
455 3770 512 3832 XV,
531 3774 578 3826 42:
597 3773 673 3824 lunae
690 3755 848 3822 incrementa
864 3787 908 3822 cnr
919 3767 1018 3820 damna
1029 3774 1172 3834 sequantur.
1191 3764 1255 3816 conf.
1267 3763 1328 3814 Hor·

112 3907 124 3928 α
209 3854 348 3916 c.1v‚7,
368 3857 408 3910 13.
444 3856 540 3908 Seneca
558 3858 660 3910 (tonsol.
680 3859 712 3908 ad
729 3857 806 3909 Marc.
818 3857 857 3910 18.
876 3855 973 3906 colom.
989 3855 1022 3916 11,
1042 3857 1088 3909 10:
1107 3851 1252 3917 priusquam
1270 3849 1331 3900 lune

209 3940 392 3992 incrementum
414 3945 503 4008 capiat.
527 3943 623 3994 Vitruv.
646 3943 698 4004 IX,
722 3946 751 3997 4:
776 3941 945 3994 decrescentia
967 3941 1042 3991 lunae
1065 3939 1080 3991 i.
1105 3938 1224 3988 damnum
1246 3936 1329 3990 lunae.

208 4026 276 4078 Male
294 4027 369 4078 otiam
388 4026 487 4092 Opitiua
505 4028 572 4079 hune
589 4029 671 4080 locum
689 4029 774 4080 vertit:

359 4127 457 4182 ‘Ethait
475 4131 527 4182 und
545 4131 624 4182 samis
642 4131 749 4183 diruas
767 4131 800 4182 du
819 4131 864 4183 mit
881 4129 943 4182 Mnh
961 4129 1101 4182 erworben:

367 4215 434 4266 Wem
451 4215 541 4267 Ardett
559 4215 679 4267 Sotaden
697 4217 789 4283 brinpt,
808 4217 870 4268 wird
887 4234 939 4268 arm
957 4216 1010 4268 und
1027 4217 1059 4268 iat
1072 4211 1231 4267 ‘verdorbem’

208 4319 282 4371 Adde
299 4317 434 4372 Borbornii
451 4319 569 4372 iudicium
588 4339 612 4387 p.
632 4321 695 4375 352:
713 4320 826 4372 Disticho
843 4319 954 4371 XXXIX
972 4317 1044 4370 tabor
1061 4319 1091 4368 im
1108 4317 1202 4370 damno
1220 4333 1271 4369 ease
1289 4317 1328 4369 di-

208 4405 272 4456 citur
288 4422 346 4473 pro:
365 4407 486 4458 laborare
503 4407 533 4458 in
550 4407 644 4458 domno
662 4405 832 4460 resarciendo.
869 4407 984 4458 Obscura
1001 4413 1041 4458 est
1058 4405 1162 4458 dicenda
1180 4405 1249 4458 ratio.
