3148 5102
297 497 316 536 x
753 472 955 526 sennonem.

399 581 433 695 Si
456 627 563 711 cupias
585 647 694 711 pacem
715 627 823 713 lingua
845 647 1006 714 compesce
1030 630 1161 713 loquere

398 730 441 798 Et
455 730 578 798 ratione
592 730 657 798 sile.
675 730 748 796 dnm
764 730 991 814 (=dominnm)
1007 731 1032 796 si
1048 731 1154 814 queris
1170 730 1257 797 edire
1272 736 1331 799 etc.

215 890 217 900 i
382 835 487 900 Etiam
509 834 559 924 liis
579 833 712 932 singulis
734 834 823 900 libris
838 836 953 902 rubrae
975 835 1195 918 inscriptiones
1218 840 1293 902 sunt
1315 835 1419 917 datae,

297 942 347 1004 ut:
382 935 508 1004 EXPL.
532 937 603 1002 LIB
626 937 651 1003 1.
675 935 834 1004 INCIPIT
857 936 968 1005 SODS.

455 1058 572 1124 Terrae
596 1057 735 1124 culturas
757 1058 784 1128 si
806 1056 870 1125 fors
893 1077 1080 1144 cognoscere
1102 1057 1226 1144 amasi)

450 1163 532 1228 Ecce
555 1161 613 1226 tibi
635 1179 722 1226 maro
746 1161 896 1228 describit
918 1165 1057 1228 carmina
1078 1163 1172 1229 claro.

450 1264 505 1330 Sin
526 1266 628 1349 magis
649 1265 786 1332 berbaru
808 1271 922 1333 natura
944 1267 1064 1334 dIscere
1085 1261 1161 1336 carn

449 1368 573 1434 Herbas
595 1373 628 1434 et
649 1368 733 1434 uires
756 1369 815 1436 scit
837 1388 941 1436 macer
963 1375 995 1436 et
1016 1369 1089 1436 inde
1110 1367 1261 1451 requires,

450 1473 494 1537 At
516 1471 543 1536 si
565 1471 696 1537 sudores
718 1471 792 1539 belli
814 1473 902 1555 cupis
925 1478 1019 1555 atque
1041 1473 1166 1539 labores

449 1575 597 1641 Lucanus
620 1575 696 1640 dicit
717 1593 778 1656 que
800 1594 889 1642 cesar
910 1576 1029 1659 proelia
1050 1577 1133 1642 vicit.

452 1679 486 1744 Si
509 1678 634 1744 ueneris
656 1695 759 1744 mores
782 1679 919 1762 exquiris
941 1679 1064 1746 eteius
1086 1697 1219 1746 amores.

450 1781 566 1846 Lectus
582 1781 746 1847 callentem
761 1799 839 1849 naso
855 1781 943 1848 dabit
957 1781 1028 1850 hine
1042 1782 1101 1849 tibi
1115 1787 1251 1849 mentem
1266 1787 1324 1849 etc.

385 1902 513 1967 Initium
536 1901 609 1967 libri
631 1901 690 1968 IV:

452 2004 559 2070 Vitam
582 2022 724 2071 securam
746 2006 800 2085 qui
822 2005 871 2072 uis
894 2011 926 2072 et
947 2007 1076 2074 crimine
1098 2025 1209 2089 puram

450 2109 494 2174 Et
515 2109 570 2189 qui
592 2107 722 2174 sinceris
744 2113 777 2174 te
799 2109 938 2175 moribus
960 2110 1076 2176 addere
1099 2111 1204 2191 queris

451 2212 554 2280 Corde
575 2211 634 2277 snb
658 2215 779 2278 attento
801 2230 871 2278 mea
892 2231 1009 2294 ponere
1031 2213 1128 2279 verba
1149 2217 1304 2280 memento

452 2317 490 2381 In
512 2315 626 2397 quihus
648 2333 802 2398 agnoscas
823 2333 885 2396 que
907 2316 1035 2383 crimine
1056 2317 1213 2402 (crimina)

830 2420 972 2505 linquere
993 2439 1113 2504 poscas.

336 2573 339 2584 .
398 2513 403 2525 '
452 2523 545 2590 Absit
567 2523 661 2591 ditari
682 2523 736 2604 qni
759 2541 793 2591 se
815 2524 883 2590 vult
904 2529 1009 2592 mente
1030 2525 1127 2591 beari.
1152 2529 1210 2592 etc.

298 2683 501 2694 ——-——-

367 2784 389 2850 ⁸)
408 2784 437 2836 In
455 2783 517 2836 cod.
536 2780 678 2850 cantabrig.
696 2779 762 2833 Bibl.
780 2779 855 2835 Vniv.
874 2779 919 2834 Iis.
938 2783 962 2838 b.
981 2782 1014 2836 29
1038 2782 1073 2832 ita
1089 2799 1118 2834 ae
1135 2781 1229 2836 habent
1246 2800 1346 2836 remus:

503 2870 613 2940 Nascere
632 2885 654 2937 ei
671 2903 729 2937 rura
746 2885 783 2937 ris
801 2885 865 2938 scire
881 2886 999 2955 georgica
1016 2903 1076 2938 eura

505 2973 577 3024 Vires
594 2971 728 3024 herbarum
746 2972 767 3023 ai
784 2989 888 3024 noscere
906 2973 938 3023 ait
955 2972 1002 3024 tibi
1019 2988 1112 3024 aarum.

503 3061 588 3112 Macer
605 3059 753 3110 monstrabit
770 3059 860 3110 herbas
878 3058 970 3110 obtuta
988 3059 1104 3126 probabit

505 3149 600 3211 Queraa
618 3146 736 3198 lucanum
754 3145 776 3196 ai
794 3161 899 3196 noscere
916 3145 949 3196 sit
965 3145 1012 3196 tibi
1029 3164 1118 3198 eanum
1136 3155 1185 3199 eto.

368 3253 417 3306 Hic
435 3251 522 3304 codex
539 3249 675 3302 membran.
692 3247 778 3300 decem
797 3248 864 3300 foliis
877 3249 1004 3316 quaternis
1022 3251 1161 3303 minoribus
1180 3250 1299 3304 Catonem
1317 3251 1426 3313 exhibet,

300 3342 395 3394 omissa
414 3338 527 3407 prosaica
544 3344 624 3404 parte.
659 3335 740 3386 Primi
758 3351 844 3387 verens
862 3343 921 3387 sunt
937 3335 977 3387 hi:

505 3423 534 3476 si
552 3423 614 3474 dena
632 3430 671 3474 est
689 3421 797 3483 animus,
815 3429 844 3473 ut
861 3422 953 3490 scripta
970 3439 1015 3490 par
1034 3423 1115 3476 ethica
1130 3424 1222 3476 seimus

503 3510 561 3562 Non
579 3509 625 3560 tibi
642 3507 800 3576 spernendus
819 3507 851 3559 sit
868 3526 932 3575 pura
949 3515 1033 3560 menta
1051 3510 1180 3565 colendus.

504 3596 567 3648 Plus
585 3595 691 3662 vigilans
709 3601 765 3646 esto
784 3611 940 3662 sompnoque
957 3594 1047 3647 fruaris
1064 3597 1178 3648 honesto.

503 3683 554 3736 Dat
570 3683 669 3748 requies
687 3681 788 3752 grandis
806 3681 877 3733 viciis
896 3681 1015 3733 alimenta
1026 3681 1140 3734 nefandis
1159 3690 1204 3759 eto.

367 3775 460 3826 Insunt
478 3772 552 3823 etiam
568 3769 749 3836 disputationes
761 3768 827 3819 inter
837 3779 928 3835 'corpus
941 3775 966 3820 et
978 3768 1097 3830 animam,
1116 3769 1181 3820 inter
1189 3769 1275 3822 vinum
1288 3778 1315 3822 et
1327 3787 1427 3838 aquam,

299 3864 367 3914 inter
384 3860 494 3912 membra
511 3855 606 3924 regalia
622 3855 730 3907 hominis
749 3855 781 3906 de
798 3873 862 3907 rnna
879 3855 980 3908 lallaoia
992 3855 1087 3918 mnndi,
1106 3854 1137 3907 de
1153 3856 1271 3909 rameseie
1288 3856 1428 3924 loquenein

299 3951 326 4000 in
344 3947 452 4012 mundo,
472 3943 504 3996 de
522 3949 615 4004 morte,
633 3940 736 3993 libellus
755 3941 909 4005 hildeberti,
932 3927 979 4009 eps-1
997 3942 1132 4009 (episcopi)
1156 3942 1188 3994 de
1213 3929 1311 3994 edificio
1336 3942 1426 3996 anime.

300 4031 477 4098 Cantabrigiae
495 4029 522 4080 in
538 4028 614 4080 Vniv.
635 4025 700 4080 Bibl.
720 4035 818 4095 praeter
834 4029 881 4081 hoa
900 4029 945 4081 alii
962 4029 1035 4097 pauci
1052 4028 1153 4082 Catonis
1172 4030 1270 4082 codices
1283 4027 1360 4082 MSS.
1379 4029 1426 4081 ad·

301 4125 432 4172 servantur
443 4115 592 4168 recentiores
605 4114 750 4182 nulliusque
762 4115 834 4168 nobis
847 4115 929 4184 pretii,
947 4124 975 4168 nt
992 4116 1014 4167 E
1033 4133 1055 4168 e.
1074 4117 1118 4168 IV.
1131 4116 1172 4170 31.
1190 4133 1215 4167 n.
1230 4117 1293 4172 1041
1313 4115 1381 4167 foliis
1396 4117 1427 4170 17

300 4204 439 4257 membran.
457 4209 483 4254 et
500 4203 604 4255 chartae.
624 4209 739 4254 constans
758 4209 783 4254 et
801 4212 900 4270 praeter
924 4204 1082 4273 astrologiae,
1105 4220 1168 4270 qnae
1186 4202 1275 4255 mutila
1293 4208 1361 4263 aunt,
1381 4199 1428 4253 Ga·

299 4308 385 4360 ponem
402 4289 532 4342 continens
551 4306 607 4342 aum
624 4289 739 4342 versione
757 4288 872 4358 Anglioa.
891 4298 944 4344 turn
963 4293 1004 4346 71.
1023 4290 1057 4342 H.
1074 4292 1097 4346 9.
1117 4307 1142 4342 n.
1157 4289 1232 4345 1237.
1250 4288 1305 4341 ood.
1318 4289 1427 4340 dnae.

300 4383 403 4446 praeter
420 4391 508 4443 preces
525 4373 644 4443 Anglioaa
671 4375 785 4430 versibus
808 4376 886 4430 simili
910 4379 978 4432 exitu
1003 4375 1145 4446 conpositas
1170 4375 1289 4435 1af01na
1308 4373 1429 4434 (latonam

303 4481 354 4518 una
371 4480 428 4517 anm
445 4462 561 4516 versione
577 4459 690 4530 duplica
707 4461 880 4532 conplectitur.
