3148 5102
619 417 822 474 massario,
1247 437 1290 480 xv

247 577 385 644 Transeo
408 574 450 642 ad
472 573 632 662 inpressos
647 573 818 638 saecoliX
822 571 856 638 V.
880 570 989 651 libros,
1014 571 1128 657 quibus
1145 569 1290 654 equidem

163 699 240 748 usus
262 699 344 746 sum.

251 788 278 848 1.
313 782 396 849 Ante
418 780 585 849 editionem
607 779 780 863 principem
798 777 947 846 dicendus
963 781 1012 846 441
1032 777 1292 841 membranaceos
1317 801 1410 845 4444.

166 883 295 950 libellus
316 889 463 953 constans
486 888 638 969 quattuor
652 883 734 950 foliis
751 883 784 948 in
802 887 851 964 16,
873 882 1054 949 charactere
1069 880 1292 949 monachorum

164 987 300 1058 Gothico
322 989 485 1072 inpressus
508 987 560 1070 (ab
583 987 613 1054 J.
638 987 678 1052 14
698 985 917 1070 westphalia?
946 1005 976 1054 v.
999 987 1107 1053 Ebcrt.
1130 1004 1160 1051 n.
1186 984 1293 1066 3726),

164 1109 258 1174 quem
281 1092 314 1157 14
336 1089 532 1158 Bibliotheca
561 1089 772 1174 Spenccriana
800 1089 934 1157 Londini
962 1089 994 1154 in
1023 1107 1154 1154 examen
1175 1087 1292 1153 vocavi.

165 1197 227 1262 Est
241 1199 348 1262 autem
362 1195 442 1262 libcr
457 1193 595 1274 mutilus,
618 1211 692 1259 nam
706 1196 778 1276 post
795 1191 820 1270 Ι,
844 1196 894 1258 29.
917 1209 937 1256 4
960 1191 1063 1274 (Quod
1077 1191 1138 1257 vile
1155 1195 1205 1258 441
1219 1190 1292 1271 414.)
1331 1229 1334 1236 =

164 1298 291 1366 sublata
313 1303 388 1365 sunt
409 1297 484 1380 lolia
504 1297 671 1376 nonnulla;
696 1296 801 1379 pergit
822 1295 855 1362 in
877 1295 971 1362 tertio
988 1294 1061 1362 lolio
1077 1313 1148 1362 cnm
1162 1291 1220 1376 IV,
1237 1293 1294 1362 ab

166 1403 323 1487 (Namque
345 1401 449 1470 solent
472 1403 546 1486 etc.)
602 1400 717 1482 Incipit
743 1419 815 1467 cum
844 1399 948 1467 verbis
980 1401 1042 1466 blm
1069 1398 1296 1466 animadverte·

166 1525 235 1574 rem
257 1510 316 1573 etc.
360 1506 535 1589 Praecepta
556 1509 680 1571 tantum
709 1509 747 1570 41
771 1504 884 1588 habet,
915 1522 1048 1588 quornm
1071 1502 1133 1569 duo
1156 1506 1296 1568 extrema

167 1614 243 1677 4441
263 1609 356 1677 hacc:
380 1610 462 1676 Illud
484 1608 577 1674 stude
599 1627 693 1690 agere
714 1609 816 1674 multi
839 1614 856 1674 4
879 1613 925 1674 ct:
954 1607 1058 1689 Dilige
1084 1605 1146 1672 141
1168 1625 1206 1672 ex
1227 1609 1295 1672 toto

170 1713 281 1799 cordc;
303 1713 393 1794 1414,
419 1712 505 1779 nulla
527 1713 732 1796 inscriptione
752 1712 951 1797 interposita,
981 1709 1096 1777 transit
1118 1710 1160 1776 ad
1180 1709 1295 1776 librum

168 1815 314 1901 primum.
353 1815 453 1899 Saepe
475 1816 550 1884 lacit
572 1835 642 1882 cum
659 1815 707 1891 ed.
730 1835 788 1899 pn,
811 1833 885 1882 suas
900 1820 1005 1881 tamen
1019 1813 1115 1880 habet
1136 1813 1295 1894 lectiones,

169 1924 207 1986 ut
227 1919 254 2001 Ι,
277 1923 317 1985 27
339 1919 460 2000 recipit.
483 1919 538 1996 IV,
563 1923 601 1984 16
634 1918 668 2006 Si
690 1918 758 1986 tibi.
784 1923 833 1986 19.
858 1923 908 1984 26.
934 1922 974 1984 28
1003 1922 1093 2001 parte
1113 1936 1171 2001 pro
1192 1935 1294 2002 parce.

171 2027 211 2090 37
234 2027 293 2092 etc.
338 2022 388 2089 Ad
410 2022 525 2106 calcem
546 2023 696 2106 leguntur
717 2024 811 2090 haec:

323 2125 390 2213 Hac
411 2125 549 2192 brevitas
572 2131 666 2192 44449
690 2124 765 2194 14411
786 2125 878 2209 911ςὲ
900 2125 991 2192 binos

324 2228 462 2312 Explicit
476 2228 498 2294 h
514 2228 598 2312 (hoc)
623 2233 693 2296 cato
718 2229 776 2296 das
798 2229 1002 2312 castigamina
1024 2233 1108 2300 nato.

258 2336 286 2398 2.
320 2329 435 2396 Editio
464 2331 648 2418 princepc⁷l
683 2337 746 2398 484
779 2332 854 2414 (483
889 2331 1059 2400 Soemiller.
1094 2337 1127 2399 et
1154 2331 1294 2414 ledin.)
1320 2363 1359 2404 rr.

171 2435 254 2502 loliis
275 2436 308 2500 in
329 2435 403 2502 folio
426 2455 458 2519 q.
481 2435 511 2501 1.
535 2439 691 2517 constans,
713 2435 857 2518 inpressa
878 2436 918 2502 ab
935 2436 1068 2502 Antoeio
1084 2435 1175 2520 Sorg,
1193 2435 1297 2522 4494-

174 2537 315 2625 harpiae,
342 2543 434 2603 1475.
480 2537 619 2605 Adhibui
641 2556 710 2603 cam
732 2538 860 2605 Parisiis
889 2543 984 2620 atque
1006 2538 1140 2605 Londini
1161 2539 1194 2605 14
1218 2538 1297 2605 Β141.

174 2641 386 2725 Spenceriana
409 2639 479 2722 (Ill,
503 2644 565 2706 245
588 2644 693 2706 -247
716 2659 746 2707 4.
764 2645 835 2708 663.
873 2642 1021 2708 Incunab.
1038 2643 1171 2726 Typogr.
1193 2641 1299 2709 fascl

173 2765 203 2831 p.
229 2747 292 2828 72).
338 2745 387 2810 Ad
409 2745 540 2812 calcem:
563 2781 607 2792 -
628 2781 672 2793 —-
693 2743 763 2811 finit
785 2745 889 2812 felici9
912 2747 1139 2813 lncarnationis
1161 2744 1298 2820 saluber-

173 2849 252 2915 rime
274 2867 366 2915 anno.
390 2847 718 2916 mcccclxxv.
742 2848 792 2915 114
815 2849 951 2916 crastina
976 2847 1047 2916 fest.
1070 2849 1209 2915 omnium
1230 2866 1300 2914 san·

175 2957 306 3020 ctorum.
360 2950 625 3019 commentarium
658 2953 710 3034 qui
739 2953 822 3020 inest
850 2955 1010 3036 copiosum
1041 2949 1174 3019 coniecit
1206 2950 1298 3034 (conl.

175 3035 228 3121 loi.
252 3055 306 3138 58)
329 3045 555 3138 Philippus'dc
577 3056 738 3139 Pergamo,
756 3053 854 3140 ‘prior
876 3055 1058 3124 monasterii
1076 3061 1183 3122 sancte
1203 3055 1301 3122 marie

177 3157 217 3226 14
238 3157 435 3226 4444441144
458 3158 497 3226 14
518 3153 639 3242 padua'.
681 3157 747 3226 Fol.
773 3163 823 3226 59.
847 3178 882 3227 a:
904 3159 996 3226 Nunc
1017 3164 1051 3226 14
1072 3157 1117 3224 fili
1142 3159 1301 3226 carissime

177 3293 294 3362 44444
318 3269 339 3379 ἦ
360 3299 453 3379 pacto
475 3314 578 3362 mores
608 3297 655 3363 tur
683 3297 779 3364 animi
806 3295 1187 3382 (animamillam.)
1210 3304 1299 3380 capo-

176 3413 243 3463 nas.
286 3397 352 3464 Fol.
377 3403 450 3466 239.
474 3420 508 3466 a:
540 3400 657 3483 Incipit
682 3420 757 3484 pars
786 3403 887 3483 prima
908 3400 1093 3467 matricalis.
1138 3389 1187 3467 Ad
1208 3399 1301 3466 finem

176 3500 276 3582 partis
296 3502 514 3585 praecedentis
536 3503 685 3586 leguntur
705 3504 800 3571 haec:
818 3500 873 3572 ‘Et
896 3505 941 3570 sic
963 3505 1003 3571 ad
1018 3503 1144 3572 laudem
1159 3509 1191 3571 41
1206 3503 1302 3572 vestri

170 3604 378 3688 omniumque
392 3604 564 3689 legentium
579 3608 822 3674 consolationem
836 3607 1045 3694 prosaycab'c
1067 3627 1140 3692 pars
1162 3608 1214 3674 hic
1235 3606 1301 3674 fini·

177 3713 231 3774 tur
252 3713 285 3774 et
306 3708 501 3777 terminatur.
539 3709 605 3776 Deo
628 3706 763 3793 gratias?
797 3711 1022 3794 Inscripticnes
1036 3711 1150 3794 partim
1171 3711 1301 3794 singulis

177 3809 322 3892 partibus
352 3811 445 3880 datae
473 3817 562 3878 sunt:
595 3811 646 3880 fol.
672 3818 750 3880 301:
778 3813 962 3882 1144414444
989 3814 1156 3899 septimum
1182 3815 1302 3882 autoris

177 3991 274 4037 ractcro
292 3983 480 4054 Longobnrdico
497 3983 540 4036 hic
557 3983 661 4037 mutilus
679 3983 765 4038 (lodex
782 3993 896 4038 exaratus
914 3986 996 4039 estin
1017 3985 1089 4038 Folio
1108 3985 1205 4038 duabus
1223 3989 1302 4054 parti-

177 4070 298 4134 tionibus,
316 4086 381 4139 quac
398 4077 494 4122 textum
513 4070 640 4138 usquead
655 4070 732 4123 finem
749 4071 807 4125 libri
824 4073 904 4141 quarti
917 4073 1051 4126 444114441.
1078 4072 1177 4126 11114444
1194 4072 1303 4127 initiales

177 4163 246 4210 41444
263 4164 329 4221 4441,
348 4158 450 4210 omnino
468 4157 620 4210 ornamentis
642 4165 762 4214 44444144.

246 4243 268 4309 ²)
286 4244 375 4313 Neque
396 4243 448 4296 viai
473 4243 512 4296 41.
537 4241 639 4296 Catonis
663 4261 722 4298 oum
744 4245 902 4314 amplissimo
925 4246 1102 4299 commentario
1128 4249 1183 4300 cino
1201 4247 1219 4300 l.
1236 4254 1262 4300 et
1279 4265 1302 4303 a.

178 4329 213 4385 60
231 4327 287 4381 soll.
325 4329 392 4382 Ulm.
408 4329 433 4382 J.
451 4329 547 4382 Zcincr.
566 4330 692 4386 411441,
711 4349 736 4383 4.
753 4332 832 4397 3727,
850 4349 932 4401 neque
950 4332 1303 4392 411114444147541441444

178 4414 351 4485 (Argentorati
369 4412 650 4484 impalluisse?
668 4436 691 4473 v.
709 4419 797 4472 Ebcrt.
817 4438 843 4473 4.
861 4419 948 4488 3728).
