3148 5102
269 468 304 512 lv
726 445 931 502 paturnelo.
1041 437 1046 468 '

244 605 326 667 'aut
347 601 513 684 descriptio
536 601 613 668 data
634 600 746 669 luisset
773 607 829 668 aut
849 607 937 669 aetas
965 620 1073 670 eorum
1102 602 1273 670 constituta
1295 607 1391 686 etque

272 703 454 772 auctoritas.
492 703 584 786 Hinc,
600 706 785 786 praesertim
801 725 871 772 cum
886 706 1012 790 elegans
1033 707 1093 776 boc
1116 705 1300 790 opusculum
1321 707 1395 772 hac·

270 809 362 874 tenus
384 807 477 890 plane
498 808 685 892 neglectum,
711 828 751 876 ne
773 809 874 876 dicam
897 816 1110 894 contemptum
1132 811 1289 896 iacuisset,
1312 808 1393 875 hanc

270 930 328 993 ego
349 929 462 976 novam
484 911 655 978 editionem
669 911 801 993 parandi
817 913 979 979 consilium
994 914 1122 980 Parisiis
1140 915 1217 998 cepi,
1240 912 1294 979 ubi
1308 910 1393 977 haud

270 1015 401 1098 exiguus
423 1016 707 1082 vetustissimorum
730 1015 870 1083 codicum
893 1037 1042 1084 numerus
1065 1018 1259 1084 adservatur.
1313 1014 1394 1082 Sunt

270 1121 377 1184 autem
399 1117 448 1182 hi:

359 1225 385 1285 l.
419 1221 674 1286 Parisinus2659
697 1221 729 1287 in
751 1227 781 1286 4.
804 1223 878 1288 min.
907 1223 980 1290 inde
1009 1223 1123 1292 aiolio
1149 1228 1208 1291 132
1231 1223 1395 1308 usquead

271 1327 331 1388 140
354 1321 504 1390 Catonem
527 1323 736 1405 conplectens.
781 1325 1018 1408 Longobardico
1044 1328 1225 1394 charactere
1249 1333 1395 1394 exaratus

268 1433 318 1494 est
339 1431 372 1494 et
399 1428 507 1508 paucis
535 1427 648 1510 glossis
666 1427 838 1494 instructus
866 1445 886 1492 e
914 1429 1016 1510 prima
1043 1449 1155 1506 manu,
1184 1447 1265 1510 quee
1292 1430 1394 1496 uarias

268 1531 418 1597 lectiones
435 1529 567 1596 subinde
583 1531 785 1613 supraposuit
795 1529 849 1595 ‘vel
871 1531 966 1595 etiarn
989 1533 1132 1598 correxit.
1170 1533 1395 1615 inscriptiones

270 1640 303 1700 et
324 1634 436 1700 literae
457 1633 593 1699 initiales
616 1637 690 1698 sunt
712 1634 836 1700 rubrae.
881 1633 932 1698 Ad
955 1635 1071 1700 calcem
1096 1634 1225 1716 legitur:
1255 1633 1394 1700 EXPLI-

268 1735 337 1803 CIT
370 1737 499 1804 LIBER
521 1736 713 1816 QVARTVS
737 1735 917 1803 CATONIS
939 1737 1207 1805 PHILOSOPHI.
1251 1741 1394 1807 Pertinet

268 1841 310 1906 ad
338 1842 498 1908 saeculum
522 1859 646 1906 nonum.
693 1839 766 1906 lam
795 1839 922 1906 exhibet
946 1841 977 1926 l)
1006 1859 1116 1908 versus
1135 1841 1219 1910 ‘illos
1247 1843 1393 1910 undecim

267 1949 342 2010 ante
363 1944 477 2010 librum
500 1943 686 2010 secundum:
709 1941 843 2010 Telluris
867 1945 894 2009 si
919 1942 1000 2010 forte
1022 1944 1100 2011 velis
1123 1963 1310 2030 cognoscere
1332 1944 1394 2012 cul-

267 2047 421 2116 tus-disce
441 2048 587 2130 legendo;
611 2049 643 2130 2)
666 2048 735 2114 illos
758 2053 908 2114 sanante
931 2049 1046 2136 librum
1071 2051 1216 2116 tertium:
1245 2051 1306 2116 Hic
1328 2051 1395 2133 qui·

269 2168 401 2232 cumque
423 2151 509 2216 voles
532 2169 656 2218 carmen
673 2169 871 2233 cognoscere,
894 2150 992 2218 lector
1013 2187 1058 2198 -
1072 2151 1153 2216 Nam
1169 2153 1236 2217 sine
1252 2153 1395 2218 doctrina

268 2254 334 2320 vita
356 2258 405 2320 est
426 2253 516 2334 quasi
538 2257 648 2320 mortis
670 2256 783 2336 imago,
807 2259 839 2322 et
866 2257 897 2338 3)
919 2258 1070 2336 quattuor
1092 2253 1162 2320 illos
1184 2259 1258 2322 ante
1279 2255 1394 2322 librum

268 2361 431 2438 quartum:
461 2355 610 2422 Securam
631 2358 820 2442 quicumque
849 2357 938 2441 cupis
967 2357 1122 2425 deducere
1149 2358 1246 2425 vitam
1266 2395 1308 2408 -
1330 2377 1394 2425 me-

268 2460 377 2543 gistro:
411 2459 609 2543 Scripturas:
633 2463 756 2540 damna,
769 2461 909 2542 damnes,
925 2445 1048 2543 damno,
1064 2460 1223 2544 damnosa,
1239 2466 1393 2545 sumptus,

268 2591 497 2681 contempnere,
513 2603 744 2682 contempnens,
758 2603 922 2667 contentus
935 2603 968 2666 et
979 2569 1175 2683 conteiinptus
1191 2600 1219 2682 (1
1235 2619 1276 2664 m.
1290 2601 1394 2684 corr.),

267 2699 382 2777 ledere,
409 2707 562 2784 prestare,
594 2721 726 2778 merere,
757 2703 850 2779 letus,
873 2703 1013 2786 quesitis,
1042 2701 1183 2780 haerere,
1211 2702 1298 2783 coeli,
1328 2721 1393 2768 um-

269 2823 372 2887 quam,
395 2823 575 2889 numquam,
603 2801 911 2889 quantumcumque,
929 2806 1126 2887 quicumque,
1149 2805 1288 2887 impedit,
1311 2824 1391 2874 com·

269 2926 405 2990 pescere,
427 2908 577 2986 imminet,
595 2914 778 2991 sequuntur,
807 2909 957 2990 abundee,
987 2908 1144 2992 quicquid,
1166 2908 1251 2986 litus,
1275 2927 1392 2992 coerce,

270 3027 371 3076 carus.
1038 3008 1040 3016 ’

64 3165 257 3208 „mmmm
358 3118 387 3179 2.
421 3115 583 3181 Parisinus
612 3121 714 3195 8320,
742 3115 824 3182 foliis
853 3115 973 3183 octonis
1001 3119 1163 3193 constane,
1193 3115 1394 3197 adquorum

268 3218 427 3301 margines
450 3237 469 3283 a
490 3237 585 3284 manu
607 3219 781 3286 recentiore
803 3219 921 3286 saeculi
942 3219 1010 3286 XV.
1041 3224 1099 3285 aut
1119 3219 1205 3285 XVI.
1226 3218 1299 3285 hinc
1321 3219 1394 3285 inde

269 3327 362 3388 notae
384 3321 553 3411 adspersae
576 3323 819 3404 conspiciuntur.
865 3321 995 3406 Spectat
1024 3327 1130 3388 autem
1153 3322 1194 3387 ed
1216 3322 1333 3388 saeculi
1354 3322 1393 3387 X.

268 3425 402 3496 initium.
447 3426 613 3507 Inscriptio
636 3426 732 3492 rubra
753 3429 876 3507 prostat
890 3425 1023 3492 maxime
1044 3424 1268 3492 memorabilis:
1293 3421 1393 3491 INCI-

269 3668 440 3737 suppeditevit
457 3667 487 3719 P.
505 3665 672 3720 Burmannus.
702 3667 785 3720 Huius
804 3667 905 3720 Codicis
922 3667 978 3737 ipse
995 3668 1103 3720 duorum
1120 3665 1252 3718 Librorum
1270 3661 1392 3716 collado·

269 3771 328 3806 nem
340 3755 505 3817 institueram,
524 3771 580 3806 cum
598 3761 698 3822 tempus
710 3754 768 3806 aliis
786 3771 827 3806 me
840 3762 894 3806 tum
905 3754 1054 3823 implicitum
1066 3753 1177 3821 negotiis
1190 3758 1310 3813 avocaret,
1328 3765 1391 3817 quo-

269 3843 335 3892 circa
351 3841 487 3908 reliquum,
505 3840 573 3908 quod
591 3848 728 3908 supererat,
747 3841 893 3893 conferendi
910 3858 974 3893 onus
991 3840 1064 3892 alteri
1083 3838 1243 3891 commissum
1262 3853 1293 3889 ae
1311 3835 1391 3888 credi-

268 3935 330 3990 tum,
348 3927 397 3990 eui,
415 3927 483 3994 quod
501 3927 610 3980 fideliter
626 3927 768 3994 perfecerit,
787 3927 884 3980 etiamsi
907 3925 971 3977 milei
987 3925 1081 3991 macto,
1105 3925 1154 3977 hoc
1170 3923 1271 3976 nomine
1289 3937 1393 3990 magnes

268 4031 316 4082 ego
334 4014 465 4081 habeoque
481 4014 583 4082 gratias.
620 4013 663 4065 Sic
679 4013 771 4077 habes,
795 4013 900 4077 Lector,
919 4011 1011 4084 quibus
1036 4011 1117 4078 copiis
1141 4018 1167 4064 et
1183 4009 1286 4062 auxiliis
1303 4009 1393 4060 horum

269 4100 386 4152 Virorum
398 4117 448 4152 nen
461 4099 650 4152 dissimulandis
662 4099 790 4174 benqficiie
804 4100 946 4163 instmctus,
965 4097 998 4149 ed
1013 4096 1132 4149 Gelonem
1145 4104 1259 4150 nostrum
1270 4096 1393 4148 accessi.“

268 4186 354 4254 (pagg.
371 4185 574 4253 XIII-XXIV).
607 4185 677 4238 Haec
695 4194 737 4258 est,
751 4193 820 4238 curta
837 4183 966 4236 Arntaenii
984 4183 1107 4253 supellex,
1126 4185 1189 4236 hoec
1205 4183 1327 4236 Codicum
1345 4181 1390 4234 de-

269 4273 373 4340 scriptio
398 4272 438 4324 uel
465 4272 548 4340 potius
573 4272 782 4326 commemoratio.
819 4271 889 4323 Alios
908 4271 1032 4334 editores,
1060 4271 1104 4339 qui
1129 4269 1264 4322 dedicione
1291 4267 1391 4321 omnino

268 4366 414 4422 comerent,
432 4359 473 4410 hic
490 4359 573 4422 mitto,
591 4367 620 4410 ut
636 4358 787 4421 Daumium,
805 4357 935 4426 Cygneee,
955 4359 1031 4423 1656,
1053 4359 1079 4422 8,
1097 4357 1285 4426 swedbergium
1302 4351 1390 4421 Vpsal.

271 4447 345 4510 1681,
363 4446 388 4510 8,
405 4444 593 4508 Bernholdium,
611 4444 771 4510 Uffenhemii,
793 4444 866 4508 1784,
885 4444 909 4500 8.
931 4450 978 4498 etc.

605 4539 616 4566 0
