3148 5102
293 420 381 480 xxx'rr
411 448 413 455 ·
751 418 954 474 pannulum.

293 577 369 652 totu,
394 579 430 638 ut
452 573 549 655 aiunt,
572 575 657 641 coelo
681 576 763 642 inter
785 596 819 642 se
842 564 997 644 differant.
1034 577 1160 643 Marcus
1181 575 1313 644 Zuerius
1337 575 1417 642 Borr-

293 675 470 762 hornius¹¹l
493 682 598 744 autem
620 680 771 760 peculiari
800 681 1021 748 dissertatione
1049 681 1109 747 lroc
1140 681 1206 762 agit
1212 727 1221 761 ,
1249 685 1418 746 utcontra

292 797 415 845 omnem
438 782 503 848 veri
526 782 660 864 speciem
682 783 803 866 probet,
827 785 994 850 Auctorem
1017 803 1079 850 non
1095 783 1186 850 modo
1204 783 1417 848 Christianum

293 882 349 948 sed
372 884 465 948 etiam
488 884 678 967 Barbarum,
701 887 804 952 nescio
828 905 936 970 quem,
960 887 1164 968 Monachum,
1187 906 1206 951 a
1229 886 1415 969 quibusdam

298 987 443 1069 Tulliam,
467 989 493 1054 si
515 990 607 1055 modo
630 989 697 1056 sine
719 991 783 1056 risu
806 991 972 1056 memorari
986 991 1094 1072 possit,
1118 992 1157 1057 ab
1184 991 1253 1056 aliis
1268 989 1417 1054 loannem

296 1088 502 1164 Clotlomr'om
532 1093 731 1176 appellatum.
777 1095 827 1160 Ita
855 1095 937 1160 enim
965 1114 1002 1161 ex
1029 1094 1238 1177 nugacissima
1266 1091 1416 1156 relatione

293 1194 455 1276 didicerat,
477 1215 570 1278 quam
594 1198 712 1262 Auctor
733 1197 861 1280 quidam
883 1197 1105 1279 glossematum
1135 1195 1303 1278 exemplari
1325 1195 1416 1260 istius

292 1298 406 1364 Libelli
427 1299 458 1364 in
482 1300 663 1365 membrana
678 1305 805 1366 exarato
821 1300 1013 1366 adiecturum
1029 1300 1215 1383 praefationi
1230 1299 1414 1364 inseruerat.

293 1400 375 1467 Sanc
398 1403 472 1468 dum
496 1403 653 1468 cornicum
674 1403 779 1471 oculos
803 1403 959 1487 configere
983 1409 1015 1470 et
1036 1404 1106 1486 plns
1125 1403 1255 1486 reliquis
1270 1402 1321 1467 hic
1336 1403 1416 1466 scire

291 1505 417 1572 volebat
438 1505 643 1588 Boxhornius,
666 1509 780 1572 nimiae
803 1508 1021 1588 festinationis
1044 1527 1083 1573 ne
1109 1509 1210 1574 dicam
1228 1505 1416 1572 temeritatis

292 1612 325 1674 et
344 1609 574 1693 imprudentiae
589 1610 775 1677 documenta
797 1611 894 1677 dedit.
932 1610 1135 1676 Manifestum
1153 1629 1224 1676 cum
1240 1608 1416 1674 Vindiciani

292 1712 505 1777 testimonium
528 1720 715 1796 pervertere,
739 1715 808 1780 loca
832 1716 926 1780 etiam
948 1705 1097 1780 nonnulla
1123 1713 1215 1795 longe
1238 1713 1299 1778 alio
1322 1713 1416 1794 perti·

291 1816 398 1880 nentia
413 1834 611 1900 corrumpere
625 1818 732 1897 voluit,
756 1823 793 1883 ut
807 1836 882 1884 suae
899 1818 937 1884 de
954 1817 1193 1882 christianismo
1209 1817 1301 1882 istius
1317 1815 1416 1895 inepti

292 1917 425 1983 hominis
448 1938 467 1984 a
488 1938 522 1984 se
544 1921 695 1984 nominati
723 1939 760 1986 ac
782 1938 953 2000 numquam
982 1922 1116 1986 fortasse
1144 1920 1211 1984 nati
1240 1921 1416 1986 sententiae

292 2021 454 2086 servirent.
498 2023 649 2106 Denique,
673 2029 709 2088 ut
736 2024 842 2106 plures
872 2023 949 2090 alios
971 2024 1231 2104 praetermittam,
1254 2023 1298 2088 lo.
1323 2022 1414 2104 Casp.

292 2122 462 2190 Malschius
490 2125 521 2189 in
544 2126 741 2200 Praelatione
767 2127 923 2192 Editionis
952 2145 1028 2192 suae
1057 2127 1175 2207 aliquid
1197 2125 1417 2188 Mam‘lc‘aaam

292 2243 326 2291 se
353 2227 385 2291 in
414 2228 463 2292 his
491 2228 638 2295 Distichie
667 2231 822 2312 reperisse
849 2235 972 2310 narrat,
999 2231 1029 2294 h.
1053 2249 1079 2295 c.
1109 2230 1177 2294 eius
1204 2229 1303 2314 modi,
1332 2229 1416 2310 quod

292 2330 447 2410 ostendat
462 2349 555 2411 posse
570 2329 745 2396 Manilium
761 2332 848 2396 illum
863 2337 996 2414 poetam,
1013 2333 1219 2412 astronomici
1236 2334 1415 2415 Auctorem,

290 2451 347 2515 pro
369 2434 505 2516 genuino
527 2434 620 2499 istius
643 2434 756 2502 Libelli
784 2441 915 2518 parente
937 2453 998 2500 non
1022 2435 1158 2502 absurde
1179 2436 1315 2514 censeri3
1345 2456 1415 2502 cum

289 2545 394 2604 tamen
416 2538 566 2620 temporis
590 2541 622 2602 et
644 2539 757 2604 aetatis
779 2537 859 2602 ratio
889 2535 1053 2602 manifeste
1082 2527 1138 2602 ca'li
1167 2539 1341 2603 sententiae
1363 2540 1416 2603 ob·

288 2642 435 2720 luctetur,
458 2640 515 2706 sed
541 2641 689 2706 Manilius
717 2641 852 2723 Augusti
881 2646 985 2706 aetate
1009 2641 1137 2717 vixerit,
1165 2659 1221 2706 seu
1244 2641 1293 2722 (ut
1315 2642 1414 2706 Janus

289 2743 382 2826 Casp.
395 2743 562 2810 Gevartius
574 2745 607 2808 in
619 2743 849 2810 Commentario
864 2745 1105 2826 Papinianarnm
1120 2745 1304 2810 Lectionum
1317 2745 1376 2826 ΙΙΙ,
1393 2745 1411 2808 3

290 2847 450 2931 censebat)
473 2848 513 2913 ad
536 2849 703 2913 Theodosii
726 2848 804 2930 Imp.
828 2853 971 2930 tempora
990 2848 1204 2914 detrudendus
1227 2865 1295 2912 esse
1310 2848 1415 2913 videa-

290 2957 351 3016 tur.
375 2950 436 3015 imo
460 2951 619 3033 cumipse
642 2952 736 3016 etiam
759 2939 929 3016 Malschius
958 2971 1029 3016 mox
1052 2955 1214 3032 agnoscat,
1236 2953 1414 3026 Auctorem,

290 3053 478 3136 quicumque
501 3055 626 3119 demum
647 3053 751 3133 fuerit,
774 3055 879 3137 potius
895 3053 935 3117 ad
950 3059 1087 3120 aetatem
1104 3054 1230 3136 Trajani
1253 3059 1308 3118 aut
1330 3057 1415 3118 certe

291 3157 518 3222 Antoninorum
540 3163 682 3240 tempora
710 3156 818 3222 referri
850 3152 958 3239 posse'.
981 3194 1024 3203 -
1047 3157 1094 3222 De
1122 3156 1332 3239 nugacissima
1361 3154 1416 3220 illa

290 3261 442 3325 relatione
464 3260 538 3325 audi
560 3262 662 3344 ipsum
683 3260 894 3326 Boxhurnium
918 3280 947 3342 p.
965 3259 1042 3324 356:
1062 3256 1133 3325 ‘Est
1149 3277 1245 3342 penes
1260 3277 1309 3324 me
1325 3264 1414 3324 vetus

290 3364 370 3430 liber
391 3364 424 3428 in
447 3365 627 3432 membrana
650 3371 813 3444 exaratae,
835 3365 867 3428 in
894 3365 983 3429 cuius
1010 3362 1204 3446 praefatione
1226 3358 1415 3428 ‘Glossema-

289 3472 356 3532 tum
380 3462 492 3532 Autor’
524 3467 562 3533 de
586 3469 697 3534 horum
719 3469 931 3533 Distichorum
962 3467 1121 3548 Scriptore
1150 3485 1246 3550 agens
1274 3468 1416 3533 meminit

291 3570 455 3636 cuiusdam
472 3569 575 3633 Tullii
586 3577 618 3636 et
629 3572 649 3637 J
651 3572 781 3637 ohannis
794 3571 970 3650 Clothomii‚
982 3571 1142 3635 hominum
1154 3569 1414 3649 Christianorum,

290 3690 424 3754 quorum
446 3671 531 3755 alibi,
553 3673 637 3756 quod
659 3674 764 3752 sciam,
792 3673 909 3739 mentio
936 3691 998 3737 non
1025 3677 1136 3738 exstat.
1181 3674 1351 3755 Postquam
1376 3675 1415 3740 de

290 3813 466 3822 ..-·---.-...
478 3815 486 3818 -

360 3900 391 3965 ¹¹)
409 3900 490 3952 Marci
508 3899 591 3950 Zuerii
608 3897 744 3951 anhornii
762 3899 801 3950 De
818 3898 948 3960 Distichia,
973 3915 1037 3964 quae
1060 3897 1107 3947 sub
1126 3897 1229 3948 Catonis
1248 3898 1349 3950 nomine
1367 3899 1414 3948 eir·

264 3973 271 3990 ⁰
289 3989 468 4047 sumseruntun
487 3987 640 4037 Dissersotio
658 4005 683 4054 p.
701 3987 839 4041 351—364
857 3987 883 4036 in
900 3985 1010 4037 editione
1027 3984 1164 4035 Arntcenii.
1197 3984 1222 4034 'A
1240 3984 1371 4036 calumniis
1389 3995 1415 4035 et

290 4074 511 4125 obtrectationibus
529 4072 674 4133 Boxhornii,
693 4073 737 4139 qui
755 4072 864 4122 disticha
882 4071 995 4133 (latonia,
1010 4066 1120 4121 ‘obscuri
1140 4079 1215 4138 atque
1233 4071 1313 4137 inepti
1331 4071 1413 4122 horni-

289 4161 329 4211 nis
347 4159 456 4225 foetum,
479 4161 592 4210 aestimio
617 4177 663 4210 suo
687 4167 712 4209 et
734 4158 790 4208 loco
814 4175 914 4209 movero
938 4165 1042 4207 conatus
1067 4154 1111 4207 eet'
1135 4165 1313 4224 auctoremque
1335 4158 1414 4208 fuisse

232 4232 233 4237 ¹
290 4245 460 4297 Christianum
477 4247 612 4308 contendit,
631 4245 753 4297 Catonem
765 4245 898 4296 vindicavit
915 4245 941 4294 in
959 4242 1037 4294 libro:
1055 4243 1159 4294 Henrici
1173 4243 1344 4310 Cannegieteri
1361 4243 1414 4292 Re-

290 4333 383 4399 scripta
399 4329 551 4394 Boxhornio,
570 4333 596 4382 in
614 4333 655 4383 ed.
668 4317 801 4382 Arntaenii
818 4329 877 4380 inda
895 4347 911 4380 a
928 4347 985 4397 pag.
998 4330 1141 4391 365-512
1160 4330 1282 4395 capitibus
1294 4327 1413 4391 XXXIII,

290 4435 398 4487 eumque
414 4426 473 4470 ante
492 4417 687 4471 consensuum
703 4416 795 4470 vixisse
813 4417 930 4468 ostendit.
