3170 5090
268 444 301 497 28
661 439 750 492 OA'IO
768 438 1018 492 PHILOSOPHVS.
1112 395 1116 406 Ι

312 602 340 661 6.
373 597 464 676 Quod
485 596 615 663 nimium
637 599 694 672 εει,
716 593 825 678 fugito,
852 613 949 678 parvo
971 594 1111 678 gaudere
1132 595 1303 672 memento;

374 701 456 766 Tuta
477 719 568 782 mage
590 702 639 765 εει
660 699 782 782 puppis,
806 699 927 765 modico
951 716 1032 780 quae
1055 695 1181 764 flamine
1202 694 1311 764 fertur.

314 811 342 868 7.
375 805 465 882 Quod
487 804 614 888 pudeat,
636 804 737 870 socios
759 803 897 886 prudeus
919 801 1021 868 celare
1042 806 1208 882 memento,

374 907 422 974 Ne
443 909 549 991 plures
572 907 699 990 culpent
719 907 753 972 id
775 907 859 990 quod
880 905 939 972 tibi
961 905 1105 988 displicet
1126 905 1190 969 uni.

311 1016 340 1076 8.
373 1011 453 1078 Nolo
474 1017 567 1096 putes
589 1029 703 1095 pravos
724 1011 865 1076 homines
886 1014 1017 1091 peccata
1038 1009 1170 1074 lucrari:

374 1117 580 1200 Temporibus
602 1119 731 1199 peccate
752 1114 863 1196 latent,
886 1119 918 1180 et
940 1119 1081 1198 tempore
1102 1118 1225 1196 parent.

269 1359 297 1393 εε
315 1353 429 1410 tempore
447 1340 577 1394 commode
595 1339 700 1391 cadente
717 1337 803 1392 Barth.
823 1339 889 1390 nav.
908 1337 979 1401 XXI,
997 1339 1039 1393 21.
1057 1353 1099 1390 rea
1115 1337 1174 1405 ipsa
1192 1337 1292 1394 I'ersnt.
1312 1337 1395 1392 Andr.

268 1428 313 1492 III,
332 1429 357 1489 3,
377 1431 418 1484 19.
454 1428 507 1482 Sal.
522 1427 599 1481 Catil.
612 1426 636 1482 5.
655 1433 764 1477 sumtum
776 1434 873 1493 promte
885 1441 930 1492 pro
949 1441 1056 1492 propere
1067 1425 1197 1487 Erasmus,
1216 1425 1261 1476 sed
1276 1426 1395 1476 Arntuen.

269 1515 330 1575 Fac,
349 1522 460 1565 sumtum
477 1529 596 1580 properes
614 1513 798 1564 emendandum
816 1513 921 1568 censuit.
957 1511 1094 1582 Sumptus:
1112 1511 1194 1564 faeere
1206 1529 1251 1579 pro
1269 1511 1333 1563 dare
1351 1529 1395 1562 ra-

268 1617 332 1652 rum.
369 1599 432 1651 Cum
449 1606 554 1666 uterque
572 1617 659 1652 versas
677 1600 745 1651 idem
763 1599 852 1652 docere
865 1601 1001 1652 mnczenio
1019 1600 1153 1660 videretur,
1171 1599 1239 1650 idem
1257 1599 1396 1664 aliquando

269 1687 415 1752 temptavit:
438 1685 613 1747 Tardandnm‚
632 1685 708 1736 atiud
725 1701 782 1736 cum
800 1693 818 1736 ι.
837 1704 860 1753 p.
882 1703 905 1739 a.
924 1703 978 1748 res;
1004 1685 1050 1737 sed
1067 1685 1148 1736 serius
1166 1684 1230 1735 nihil
1248 1685 1397 1736 mutandum

269 1781 337 1824 ratus
356 1780 394 1825 εει
412 1781 437 1824 et
455 1773 519 1823 darc
545 1791 596 1824 non
619 1773 692 1824 aliter
715 1763 889 1839 accipiendum
913 1790 943 1823 ac
967 1773 993 1823 in
1011 1771 1192 1824 locutionibus:
1212 1771 1278 1822 dure
1295 1769 1398 1833 aliquid

270 1858 456 1923 consuetudini,
475 1857 595 1920 moribus,
614 1858 779 1924 temporibus,
797 1866 826 1910 ut
843 1858 894 1910 cie.
914 1859 944 1912 Τ.
961 1859 983 1922 Ι,
1001 1861 1043 1915 40.
1078 1857 1183 1920 Quintil.
1202 1856 1261 1920 XII,
1280 1859 1320 1913 10.
1346 1855 1396 1908 Se-

269 1960 331 1996 neca
349 1943 380 1994 de
398 1943 490 2009 Tranq.
509 1960 550 1996 an.
570 1944 602 1998 16
621 1951 669 1994 ειε.

339 2031 363 2084 6.
398 2027 508 2080 Sensum
520 2030 622 2095 exponit
633 2028 768 2080 Erasmus:
784 2025 902 2079 ‘Humilis
915 2027 1017 2080 fortuna
1033 2029 1110 2080 tutior
1128 2037 1168 2082 εει
1186 2048 1261 2096 quam
1279 2027 1378 2082 excelsa
1387 2047 1395 2090 ;

205 2145 207 2149 .
269 2124 296 2166 ut
313 2116 382 2167 navis
401 2115 492 2180 tutior,
517 2132 581 2181 quae
604 2114 634 2164 ia
656 2131 750 2180 parcre.
764 2123 800 2166 eat
811 2115 929 2181 flendae,
948 2132 1025 2179 quam
1043 2133 1110 2180 quac
1129 2115 1158 2167 irs
1172 2115 1261 2182 pelopi
1276 2114 1397 2181 fluctibus

269 2199 359 2253 natat.
395 2202 442 2254 Oui
466 2201 557 2253 rationi
580 2218 637 2252 cum
661 2209 752 2252 nautae
774 2209 928 2268 repugnent,
953 2201 1089 2270 legendum
1107 2211 1160 2266 est,
1179 2212 1207 2254 ut
1225 2205 1313 2254 Frater
1330 2202 1395 2252 Arn-

269 2290 345 2340 tuenii
362 2289 395 2340 ad
413 2289 499 2340 Aurel.
518 2289 582 2340 Viet.
601 2288 647 2349 ΙΙΙ,
665 2290 700 2343 40
726 2287 864 2355 proposuit.
883 2295 908 2338 ει
925 2288 971 2339 Vir
988 2287 1082 2339 Doctus
1102 2289 1204 2355 quidam
1222 2290 1248 2341 in
1267 2289 1306 2340 ed
1330 2289 1398 2343 1628

269 2384 328 2427 nota
345 2376 394 2428 Ms.
413 2375 546 2443 adspersit,
564 2374 679 2425 omnibus
698 2374 832 2426 codicibus
850 2374 1060 2442 Editionibusque
1081 2376 1271 2428 resistentibus:
1297 2373 1396 2428 modico

270 2481 334 2531 quae
360 2463 465 2514 flamine
491 2462 576 2514 fertur.
603 2464 667 2516 conf.
688 2462 759 2544 Ouid.
778 2463 806 2514 F.
824 2463 870 2525 ΙΙΙ,
895 2465 959 2518 599:
987 2463 1084 2530 Figitur
1106 2463 1138 2514 ad
1162 2463 1273 2514 Laurens
1298 2459 1397 2527 roperti

269 2549 371 2604 camum
388 2549 470 2600 Littus
487 2549 585 2616 Puppis
604 2555 649 2600 etc.
669 2549 744 2615 Verg.
763 2549 794 2600 A.
813 2548 844 2599 V.
864 2550 927 2604 832:
943 2577 974 2586 -
981 2551 1075 2616 serunt
1092 2565 1141 2598 aaa
1155 2548 1266 2612 flamine
1283 2549 1395 2600 classem.

270 2637 334 2687 conf.
354 2635 419 2688 God.
438 2635 547 2702 Guelph.
565 2634 598 2686 ad
619 2633 685 2688 Plin.
704 2634 799 2702 Paneg.
817 2636 859 2690 31.
894 2635 933 2687 De
951 2643 1023 2685 vento
1040 2635 1131 2702 igitur,
1156 2653 1205 2702 quo
1222 2636 1292 2687 navis
1309 2635 1396 2697 fertur,

270 2740 320 2773 non
347 2722 378 2772 de
397 2721 480 2788 fluvio
506 2737 588 2772 sermo
614 2729 661 2772 est.
698 2719 800 2786 Puppis
817 2727 902 2772 autem
919 2729 960 2772 est
975 2721 1054 2782 nuris,
1083 2728 1112 2773 ut
1130 2722 1229 2790 saepius
1247 2721 1273 2772 in
1292 2721 1396 2774 Ouidio:

269 2808 327 2861 Am.
345 2808 378 2869 Π,
394 2810 419 2868 4,
438 2808 468 2862 8:
487 2807 577 2873 rapida
595 2807 691 2858 concita
708 2807 801 2873 puppis
819 2824 892 2872 aqua.
912 2806 977 2857 coni.
997 2805 1069 2856 Pont.
1088 2807 1133 2869 IV,
1150 2809 1176 2868 3,
1194 2808 1219 2863 5.
1244 2807 1306 2860 Her.
1325 2807 1396 2870 XIII,

270 2896 303 2949 97
310 2911 318 2955 ;
337 2901 362 2944 ει
378 2893 476 2945 Lucret.
493 2893 538 2954 VI,
558 2895 633 2948 1062.
657 2894 716 2944 item
737 2893 764 2943 in
786 2893 959 2948 Petron.123
984 2891 1068 2959 legas:
1093 2893 1174 2960 rigido
1197 2910 1332 2946 concussae
1348 2893 1397 2955 rta-

269 2981 338 3031 mine
355 2980 443 3031 nubes.
479 2979 570 3031 Tutior
588 2986 627 3030 εει
644 2979 738 3046 puppis
753 2995 837 3044 porco
855 2979 912 3030 Put.
930 2997 1003 3046 mags
1022 2977 1099 3046 pupis
1117 2997 1166 3047 que
1181 2997 1263 3045 paruo
1280 2981 1322 3031 Pr.
1335 2982 1396 3048 (om.

270 3067 325 3132 est).
345 3084 418 3134 mage
438 3073 476 3116 est
494 3065 589 3133 puppis
609 3065 630 3116 'I
650 3067 684 3130 (2.
702 3084 736 3119 m.
755 3083 877 3133 suprascr.
896 3066 950 3131 est).
971 3065 1051 3130 pupis
1074 3067 1150 3118 habet
1173 3067 1246 3118 eiiam
1268 3067 1332 3121 Ven.
1352 3069 1394 3122 91.

272 3153 337 3202 Tuta
358 3149 477 3217 magellll
496 3151 588 3219 puppis
613 3159 666 3214 est,
684 3152 728 3203 ubi
750 3171 765 3202 a
785 3155 807 3206 1.
825 3169 858 3204 m.
882 3152 982 3219 magis
1001 3159 1053 3202 erat
1070 3153 1196 3219 seriptum.
1232 3153 1298 3204 'I'uta
1316 3152 1397 3220 magia

270 3237 367 3305 puppis
388 3237 459 3288 Cart.
478 3237 527 3292 861
548 3237 607 3303 (om.
627 3237 682 3304 εει).
719 3237 784 3288 Tuta
800 3238 880 3304 magia
898 3238 989 3304 puppis
1014 3244 1049 3288 est
1072 3253 1121 3304 quc
1144 3238 1241 3289 modico
1264 3239 1332 3291 Cart.
1353 3239 1396 3299 83,

339 3326 363 3378 7.
392 3323 469 3384 Quod
486 3323 588 3388 pudeat,
606 3324 688 3375 socios
714 3331 761 3376 etc.
779 3323 891 3375 distinxit
910 3323 1031 3390 Scaliger,
1055 3331 1168 3375 uertens:
1188 3318 1234 3374 Ὧν
1258 3322 1341 3381 αἰδώς
1364 3321 1395 3373 o'

271 3408 353 3477 αἱρεῖ,
371 3407 439 3460 τάδε
456 3409 494 3478 μὴ
511 3407 633 3460 κοίνωσιν
659 3407 787 3477 ἑταίροις.
823 3409 951 3460 Planudes
969 3424 1114 3476 perperam:
1141 3407 1216 3464 Quod
1236 3409 1335 3474 pudeat
1352 3427 1395 3462 so-

271 3497 332 3557 cios,
351 3491 469 3561 prudens’
489 3503 544 3557 etc,
569 3513 668 3548 versum
686 3496 722 3546 sic
739 3496 861 3546 reddens:
888 3490 945 3544 Πᾶν
970 3494 987 3545 ὅ
1009 3492 1096 3560 φίλοις
1117 3495 1177 3552 σοῖς
1199 3491 1294 3565 αἶσχος
1311 3514 1395 3565 προς·
1448 3501 1449 3508 ’

271 3580 380 3650 τρέψει,
398 3578 473 3643 μάλα
490 3579 581 3631 κεῦθε.
617 3582 752 3633 Erasmus:
774 3577 822 3632 ‘Ne
845 3581 990 3633 indicaveris
1014 3580 1115 3645 amicis,
1138 3590 1182 3632 aut
1204 3599 1236 3632 ne
1253 3583 1395 3634 committas

271 3667 377 3718 testibus
396 3667 461 3731 aliis,
480 3667 550 3718 cuius
568 3674 593 3718 te
611 3665 670 3718 facti
688 3667 790 3734 pudeat,
808 3684 841 3718 ne
858 3668 944 3733 plures
968 3667 1167 3732 reprehendant,
1192 3667 1214 3717 si
1237 3667 1338 3720 scierint
1360 3669 1395 3730 id,

271 3754 340 3820 quod
358 3754 403 3804 uni
420 3753 466 3804 tibi
485 3753 609 3819 displicet.
645 3752 673 3804 si
691 3753 761 3804 solus
780 3753 827 3805 tibi
845 3753 960 3805 conscius
978 3753 1064 3814 fueris,
1082 3753 1130 3804 hoc
1147 3759 1195 3814 est,
1218 3753 1240 3804 si
1259 3754 1320 3820 quid
1337 3770 1394 3820 pec·

271 3857 322 3901 cas,
340 3855 428 3906 pecces
446 3840 542 3906 absque
559 3837 675 3891 arbitris'.
711 3839 785 3902 Quod
803 3839 907 3905 pudeat,
926 3839 1008 3891 socios
1024 3838 1107 3892 Turio.
1126 3846 1153 3892 et
1169 3839 1256 3904 piures
1273 3857 1394 3904 meorum,

271 3930 315 3996 qui
332 3937 451 3996 punctum
468 3937 615 3995 posuerunt.
650 3927 705 3980 Nec
723 3929 809 3994 plures
827 3930 894 3997 Aug.
907 3929 982 3979 Viud.
1001 3935 1027 3980 ει
1044 3925 1142 3980 Erasm.
1179 3923 1220 3976 Ne
1236 3927 1325 3993 plures
1342 3927 1396 3978 ooc-

270 4023 346 4083 pent‚
369 4015 399 4066 se
422 4015 490 4079 quod
508 4016 603 4084 Gryph.
627 4015 734 4082 culpant
752 4015 825 4067 Caxt.
844 4016 903 4071 861.
928 4013 977 4065 urci
1000 4015 1016 4065 i.
1041 4012 1097 4065 soli.
1120 4011 1184 4064 conf.
1204 4011 1277 4064 Ouid.
1295 4013 1330 4064 M.
1348 4013 1395 4074 XI,

271 4104 328 4158 220.
348 4109 393 4153 ste.

340 4191 366 4244 8.
401 4187 516 4239 homines
535 4205 625 4255 pravos
643 4188 686 4241 Pr.
719 4184 769 4239 ‘Ne
788 4195 865 4254 putes
884 4195 1005 4240 nocentes
1031 4185 1130 4247 lucrari,
1152 4185 1200 4236 hoc
1218 4193 1264 4248 est,
1291 4186 1395 4254 impune

272 4275 369 4327 auferre
388 4292 435 4326 sua
452 4282 562 4340 peccata.
598 4274 688 4326 Latent
706 4274 818 4341 quidem,
837 4275 883 4326 sed
902 4275 935 4326 ad
952 4283 1065 4342 tempus:
1085 4278 1172 4339 postea
1190 4281 1285 4338 parent,
1306 4274 1394 4336 idest,

270 4349 474 4420 manifestantur;
499 4367 598 4428 tempus
623 4361 689 4414 enim
713 4369 739 4414 st
761 4361 827 4414 celet
850 4371 876 4414 et
900 4363 980 4430 aperit
1001 4361 1091 4414 omnia.
1128 4357 1227 4411 Pareat
1245 4359 1338 4410 dietum
1356 4368 1395 4412 εει

271 4466 316 4515 pro
341 4444 474 4514 appareo?
495 4447 623 4500 Erasmus.
649 4456 725 4515 putas
742 4449 798 4500 Itsi.
816 4447 861 4499 sed
882 4456 1000 4516 tempora
1018 4448 1059 4499 Pr.
1088 4446 1132 4497 sed
1158 4455 1271 4514 tempore
1288 4446 1391 4498 Withof.
