3148 5102
636 450 838 505 PRAEFATIO.
1216 479 1295 520 xxiii

176 608 362 674 subduxerit
395 607 536 688 aliusque
569 609 662 672 huius
696 587 800 672 fontis
828 609 893 674 sive
930 608 1065 676 familiae
1096 630 1157 676 non
1195 611 1300 676 inven-

175 718 227 778 tus
250 713 301 792 sit,
324 712 501 795 Dionysius,
523 712 577 792 qui
593 712 701 778 doctas
718 710 935 794 Cannegieteri
951 714 1135 794 prouocauit
1157 713 1298 796 disputa-

175 817 292 891 tiones,
316 834 396 898 quae
422 815 584 896 depositae
612 820 685 880 sunt
714 815 745 879 in
774 835 861 897 capp.
894 812 977 900 Vct
1000 816 1044 881 VI
1066 836 1096 898 p.
1121 821 1301 882 sao-390.

144 904 151 918 ”
175 919 313 986 Titulum
337 925 443 986 autem
465 921 515 988 hie
538 923 574 987 V.
599 923 636 986 D.
660 939 721 986 non
744 923 812 987 vult
833 922 941 990 scribi:
966 923 1157 989 DIONYSII
1180 925 1301 991 CATO-

174 1022 244 1088 NIS
267 1023 467 1090 DISTICHA
491 1029 549 1090 etc.
574 1025 647 1090 sed:
670 1023 861 1090 DIONYSII
885 1025 993 1092 CATO
1017 1029 1081 1092 sive
1104 1027 1306 1093 DISTICHA

174 1127 232 1192 DE
255 1127 444 1193 MORIBVS
467 1129 523 1208 AD
539 1127 697 1210 FILIVM‚
721 1129 766 1193 ita
788 1147 864 1210 ergo
882 1134 917 1193 ut
936 1129 1105 1211 Dionysius
1120 1135 1232 1196 auctor
1254 1132 1305 1212 sit,
1434 1137 1438 1142 '

176 1228 255 1294 Cato
278 1235 384 1296 autem
407 1233 478 1297 libri
501 1232 592 1297 index
612 1231 678 1297 sive
699 1231 819 1312 titulus,
844 1233 1106 1312 quemadmodum
1134 1232 1304 1299 CICERO-

175 1331 245 1398 NIS
280 1333 460 1400 LAELIVS
495 1335 560 1400 sive
594 1335 633 1400 de
660 1335 813 1401 Amicitia.
854 1331 959 1400 ‘Haud
986 1335 1085 1410 multo
1115 1336 1221 1417 aliter,
1251 1339 1309 1423 ait,

178 1435 298 1501 Gellius
322 1442 355 1502 et
377 1437 499 1503 Nonius
522 1438 676 1503 Varronis
706 1438 819 1504 librum
849 1439 948 1504 citant
975 1439 1006 1504 in
1039 1437 1116 1502 Cato
1138 1439 1187 1505 vel
1210 1441 1249 1505 de
1271 1441 1305 1505 li·

174 1539 242 1604 bris
266 1539 446 1619 educandis,
467 1559 562 1623 quem
585 1541 699 1606 librum
719 1539 880 1606 Ausonius
895 1542 1014 1623 Popma
1029 1541 1178 1608 Catonem
1201 1545 1307 1626 appel·

175 1643 274 1708 latum
298 1645 476 1726 suspicatus
499 1649 563 1721 est,
594 1644 650 1709 sed
667 1640 735 1708 'non
757 1645 974 1738 addicentibus
997 1647 1130 1712 uetustis
1151 1647 1302 1712 membra·

176 1747 239 1822 nis,
271 1747 342 1812 vide
371 1747 563 1812 Gronovium
595 1747 636 1812 ad
666 1746 802 1812 Gellium
829 1747 934 1812 Noctt.
959 1748 1012 1822 IV,
1038 1751 1085 1812 19.
1127 1749 1196 1814 ‘Nec
1217 1749 1306 1816 iuvat

176 1851 381 1932 sententiam,
404 1852 487 1934 quod
511 1851 599 1916 addit
622 1851 776 1934 Scaliger,
808 1850 960 1916 Catonem
989 1851 1141 1917 Maiorem
1166 1852 1308 1918 similiter

176 1953 306 2019 Librum
328 1955 425 2034 hunc,
457 1952 591 2018 Carmen
621 1952 658 2015 de
687 1953 829 2017 moribus
857 1954 1041 2034 inscriptum
1064 1954 1154 2036 dicit,
1183 1955 1240 2020 sed
1265 1953 1311 2018 ad

168 2056 281 2142 fllium
304 2058 456 2140 scriptum
480 2056 578 2122 luisse
601 2076 662 2122 non
686 2057 782 2122 addit.
817 2054 1136 2138 PraeceptaCatonis
1154 2057 1195 2122 ad
1209 2057 1309 2123 filium

174 2160 317 2238 meminit
339 2159 459 2225 PIiuius
482 2160 598 2241 XXIX,
615 2167 642 2236 1,
666 2161 721 2225 sed
744 2179 782 2224 ea
805 2159 930 2224 diversa
952 2157 1051 2225 luisse
1073 2160 1221 2226 videntur
1242 2180 1306 2226 car·

176 2264 251 2328 mini
274 2263 329 2344 illi,
352 2264 391 2329 de
414 2282 476 2349 quo
500 2264 646 2345 delnceps
674 2263 765 2351 plura
796 2257 977 2343 sequentur'
1002 2267 1059 2327 etc.
1105 2262 1167 2329 Sed
1189 2265 1303 2345 DIony-

177 2367 256 2430 sium
279 2385 337 2431 nos
361 2385 423 2430 non
446 2367 644 2448 agnoscimus
673 2366 788 2448 quippe
817 2383 919 2445 neque
943 2364 1109 2431 Codicibus
1137 2367 1214 2432 satis
1236 2386 1308 2449 pro·

176 2471 297 2550 batum,
320 2487 421 2550 neque
439 2469 487 2534 vel
510 2470 601 2534 unius
619 2469 743 2536 VeterIs
761 2467 928 2551 Scriptoris
950 2468 1088 2550 aequalis
1105 2476 1158 2534 aut
1174 2469 1307 2551 proximi

177 2573 365 2639 auctoritate
389 2573 553 2638 munitum.
600 2574 695 2639 Item.
709 2574 848 2638 Incertus
880 2577 928 2636 est
954 2571 1066 2637 titulus
1089 2571 1245 2634 Disticha
1269 2569 1307 2633 dc

177 2678 330 2758 moribus,
354 2677 408 2758 qui
431 2697 468 2742 ex
487 2677 622 2742 carmIne
644 2677 691 2741 De
713 2677 852 2742 moribus
870 2673 997 2742 Catonis
1021 2675 1148 2741 Maioris
1171 2674 1303 2739 transla-

180 2788 232 2848 tus
254 2782 389 2860 videtur,
413 2786 509 2864 atque
530 2780 778 2846 addiiamentum
800 2775 857 2840 Ad
877 2777 1015 2858 Filiam,
1045 2779 1129 2859 qnod
1152 2797 1190 2843 ex
1212 2779 1305 2843 Plinii

177 2885 460 2952 conmemoratione
482 2883 730 2967 Praeceptorum
756 2880 887 2945 Catonis
910 2879 955 2944 ad
968 2880 1092 2944 Filiam
1114 2888 1219 2947 ortum
1236 2900 1306 2947 esse

178 2991 390 3074 suspicamur,
423 2994 479 3055 aut
512 3008 550 3054 ex
584 2989 620 3052 A.
644 2986 736 3052 Gellii
764 2987 803 3051 N.
828 2989 863 3051 A.
887 2977 948 3066 XI,
975 2989 993 3058 2
1018 2979 1145 3047 ‘Porcia'
1175 2983 1305 3048 Catonis

178 3093 280 3157 Libro
304 3091 342 3156 dc
363 3093 505 3156 moribus
529 3089 575 3154 ad
594 3086 734 3170 Ec'lc'um’.
769 3090 830 3155 Alii
853 3090 947 3155 etiam
964 3088 1110 3154 dicuntur
1125 3089 1196 3154 libri
1211 3088 1302 3156 MSS.

178 3215 247 3262 esse
270 3197 466 3279 deprehensi,
489 3197 520 3260 in
544 3195 657 3278 quibus
683 3191 859 3256 Octauiani
877 3211 990 3257 nomen
1013 3192 1054 3256 sit
1076 3197 1244 3272 repertum,
1268 3197 1303 3256 ut

179 3301 237 3366 sibi
279 3301 431 3366 Melchior
468 3300 658 3383 Goldastus.
683 3295 918 3372 adfirmaverat,
956 3295 1035 3360 conf.
1075 3295 1184 3384 Barth.
1223 3294 1301 3359 Adv.

177 3404 358 3484 XXXVIII,
391 3407 430 3469 18
453 3412 547 3485 atque
576 3402 617 3466 ad
647 3399 809 3466 Claudian.
839 3419 870 3481 p.
902 3398 1075 3476 resedit.
1107 3415 1153 3478 pr.
1184 3398 1305 3479 etipse

179 3506 322 3572 Goldast.
348 3507 388 3572 ad
412 3507 595 3572 Columban.
620 3507 703 3572 inter
724 3503 944 3570 Paraeneticos
967 3503 1097 3568 Veteres
1119 3521 1149 3582 p.
1175 3507 1224 3566 71.

264 3611 334 3675 Alia
354 3615 518 3674 auctorum
540 3609 666 3674 nomina
689 3613 784 3690 atque
805 3607 922 3672 iudicia
942 3606 981 3670 de
997 3603 1182 3687 Gnomologi
1204 3606 1304 3670 nostri

179 3713 321 3778 distichis
343 3712 514 3777 moralibus
538 3711 673 3777 offerunt

263 3813 487 3880 VARIORVM
518 3816 574 3880 DE
598 3813 704 3880 ISTIS
728 3812 920 3879 LIBELLIS
944 3809 1217 3892 TESTIMONIA,

179 3919 342 3984 collectaa
364 3917 480 3984 Christ.
505 3919 639 3986 Daumio
663 3919 695 3984 in
718 3919 766 3984 ed.
790 3916 945 4000 Cygneaa
969 3921 1059 3996 1656,
1086 3917 1123 3978 12
1139 3935 1169 3998 p.
1187 3915 1300 3979 7-19.

179 4021 260 4088 Sunt
282 4027 387 4086 autem
409 4023 502 4089 haec:

265 4127 322 4207 (1.)
362 4123 574 4188 Vticdr'ez'anas
600 4123 707 4188 Comes
722 4122 968 4186 Archc'otrorom
989 4122 1021 4185 in
1044 4120 1143 4201 Epist.
1167 4119 1238 4184 adl
1271 4138 1301 4201 p.

178 4227 448 4296 Valentinianum:
1254 4241 1256 4248 ‘

161 4343 165 4355 '
264 4331 354 4410 Quod
376 4349 470 4410 quum
494 4333 561 4414 pati
582 4333 737 4413 coepisset
759 4329 909 4406 infirmus
931 4327 1012 4393 flens
1029 4330 1061 4391 et
1076 4345 1202 4408 gemens
1225 4324 1301 4390 illud

182 4435 311 4501 Catonis
333 4453 426 4515 saepe
448 4435 585 4500 dicebat:
