3170 5090
654 450 810 530 nmna11.'
922 487 924 490 ·

221 633 249 692 9.
285 625 432 712 Corporis
456 631 560 713 exigui
581 631 663 698 vires
687 637 907 716 contempnere
928 636 1005 701 noli:

286 731 423 800 Consilio
444 735 550 817 pollet,
574 736 624 802 cui
646 736 709 802 vim
730 743 844 804 natura
866 739 1002 822 negavit.

201 839 251 900 10.
286 834 344 902 Cui
366 837 474 904 scieris
497 856 560 904 non
582 857 651 905 esse
672 859 780 923 parem
802 846 834 908 te
857 847 997 926 tempore
1020 845 1110 910 cede:
1205 827 1208 834 ⁴

285 939 443 1008 Victorem
465 961 484 1008 a
503 943 586 1009 victo
609 945 753 1026 superari
776 949 1041 1030 saepexvidemus.

201 1048 250 1108 11.
285 1044 444 1112 Adversus
466 1051 577 1112 notum
598 1048 662 1113 noli
684 1049 873 1116 contendere
894 1053 1012 1117 verbis:

216 1200 217 1206 ,
284 1147 339 1214 Lis
361 1151 496 1216 minimis
518 1151 621 1217 verbis
643 1153 799 1219 interdum
822 1155 956 1220 maxima
978 1157 1099 1222 crescit.

200 1257 250 1317 12.
285 1253 366 1332 Quid
387 1255 474 1322 Deus
496 1256 647 1338 intendat,
670 1257 734 1323 noli
756 1261 938 1342 perquirere
960 1265 1059 1327 sorte:

285 1359 366 1476 1111111
389 1365 510 1426 statuat
532 1361 571 1426 de
594 1365 634 1440 te,
658 1363 725 1428 sine
748 1368 780 1430 te
803 1363 956 1432 deliberat
977 1365 1040 1432 ille.

175 1577 202 1626 p·
225 1559 283 1615 549.
319 1559 369 1612 Pro
392 1559 545 1624 temporibus
569 1561 674 1616 Withof.
700 1561 761 1614 ibid.
786 1565 929 1630 proposuit:
956 1561 1040 1630 Saepe
1066 1564 1121 1616 dim.
1145 1571 1254 1630 tempore
1276 1573 1304 1616 111

175 1647 198 1707 l,
214 1647 232 1699 6
250 1653 275 1696 et
292 1645 326 1708 Π,
346 1648 386 1701 10.
403 1653 492 1710 potent
509 1647 566 1698 Vet.
579 1647 661 1698 Chart.
677 1647 743 1715 Reg.
762 1655 788 1700 et
805 1649 931 1700 Leid.111.
944 1667 992 1702 nee
1009 1669 1059 1702 non
1076 1653 1103 1702 in
1120 1651 1301 1718 antiquioribus

176 1731 328 1798 quibusdam
354 1732 421 1782 Edd.
448 1731 523 1784 Boill.
548 1734 646 1788 Erasm.
670 1731 793 1802 aliisque'.
830 1735 872 1786 Pr.
899 1736 982 1788 Caxtt.
1005 1737 1064 1791 861.
1089 1738 1131 1792 83.
1165 1738 1221 1790 Ital.
1245 1737 1303 1788 Bas.

175 1817 256 1884 Neap.
274 1817 327 1870 Sed
344 1819 425 1886 prima
442 1819 541 1886 syllaba
565 1821 591 1870 in
609 1829 703 1885 petent
729 1821 869 1888 corripitur.
903 1821 999 1874 Parere
1018 1831 1042 1874 et
1062 1831 1146 1890 patere
1163 1825 1189 1875 in
1207 1825 1304 1876 Mssa

176 1901 286 1954 librariis
304 1905 406 1972 saepius
425 1913 606 1958 conmutantur.

249 1991 273 2044 9.
308 1991 362 2041 noli
386 1999 543 2043 contemnere
565 1992 629 2044 vires
653 2000 702 2044 vet.
727 1992 810 2045 Chert.
836 1993 941 2046 Membr.
965 1994 1032 2062 Reg.
1058 1994 1131 2048 Leid.
1156 1997 1202 2050 Ill.
1228 1997 1303 2064 1628.

176 2077 249 2132 Vires
268 2073 379 2139 δύναμιν
398 2076 535 2129 Planudes.
573 2072 644 2146 does
663 2079 679 2128 i.
699 2077 775 2148 ἰσχὺν
796 2079 915 2146 Scaliger.
935 2088 1111 2145 contempnere
1129 2069 1255 2135 REHTB.

245 2166 285 2219 10.
323 2161 402 2220 Quem
421 2165 506 2217 scieris
526 2161 671 2218 terami
688 2165 757 2220 Mox.
775 2166 839 2218 Vox.
858 2167 913 2218 Ital.
934 2166 1004 2218 Caxt.
1023 2169 1081 2222 86].
1095 2167 1135 2223 83.
1149 2166 1208 2219 Bas.
1222 2169 1302 2235 Neap.

62 2290 67 2302 .
176 2249 240 2302 Ven.
259 2251 377 2306 91.·Vet.
396 2251 480 2302 Ohart.
499 2251 605 2306 Membr.
626 2252 700 2306 Voss.
718 2253 789 2305 Leid.
807 2253 853 2306 ΠΙ.
872 2271 959 2320 parem
982 2253 1028 2304 riti
1044 2253 1168 2305 BKMVX
1184 2253 1227 2306 Pr.
1244 2255 1301 2307 Ital.

130 2403 132 2406 Ι
172 2334 240 2389 ‘vec
261 2336 344 2388 Chart.
362 2337 469 2391 Membr.
488 2339 562 2390 Voss.
582 2338 652 2392 Leid.
671 2341 716 2390 Ill.
753 2341 828 2402 Quod
845 2340 1003 2408 (utrumque)
1013 2341 1227 2406 sequuntur'lldd.
1236 2341 1302 2409 Aug.

176 2425 252 2477 Vind.
272 2425 353 2478 Euch.
373 2425 962 2480 11010.Ρ111111.Ρ11]111.01101101.1“101.Βο111.
987 2428 1083 2478 Erasm.
1110 2427 1205 2496 Gryph.
1225 2427 1299 2480 (iord.

177 2513 249 2566 Cruc.
276 2510 407 2580 aliaeque’.
440 2512 583 2564 Planudes:
605 2509 647 2563 “Or
674 2511 761 2570 νοεέις
785 2512 833 2563 σέο
864 2511 969 2575 μείονα.
1014 2514 1139 2581 Scaliger:
1163 2514 1238 2565 Vnde
1261 2514 1302 2581 (ex

176 2600 228 2652 illis
251 2599 411 2666 lectionibus)
435 2599 564 2652 Planndes
589 2599 721 2650 infeliciter
743 2599 815 2652 fecit:
841 2598 920 2656 (luem
943 2600 1030 2652 scieris
1053 2616 1105 2650 esse
1128 2599 1251 2651 minorem
1267 2607 1299 2652 te.

176 2686 227 2738 imo
251 2686 441 2739 imbecilliorem
466 2685 510 2736 καὶ
535 2683 752 2753 ὑποδεέστερον.
794 2687 853 2754 Ipse
876 2687 963 2738 vertit:
982 2681 1025 2737 “Or
1050 2687 1100 2736 σεῦ
1127 2684 1299 2755 ἀκιδνότερον

177 2773 271 2832 νοέεις.
294 2775 351 2828 rell.
378 2773 428 2825 Oroi
451 2773 536 2825 scieris
559 2791 584 2828 n.
602 2791 624 2825 e.
642 2790 668 2839 p.
686 2779 710 2822 tc
727 2775 757 2826 R.
776 2778 820 2845 (m.
838 2772 985 2842 glossatoris
1009 2779 1070 2826 mut.
1100 2771 1144 2822 cui
1164 2772 1301 2840 inquere).

178 2886 257 2944 Quem
274 2887 361 2939 videas
379 2905 429 2940 non
446 2905 502 2940 esse
519 2888 584 2939 Ven.
604 2889 644 2942 93.
667 2897 740 2953 temp.
765 2853 841 2940 coldo
862 2888 887 2938 R
908 2888 953 2952 (m.
971 2887 1049 2956 gloss.
1068 2889 1148 2954 cora).
1173 2886 1248 2952 cellll
1268 2889 1299 2940 de

177 2975 198 3025 Τ
225 2975 299 3040 (corr.
317 2993 334 3024 r.
352 2973 397 3040 m.)
421 2974 498 3025 corde
520 2973 585 3027 Coll.
609 2974 684 3028 Voss.
707 2974 804 3026 Veterr.
827 2975 892 3042 Reg.
910 2974 975 3026 Vici.
1000 2974 1066 3024 ovito
1090 2973 1160 3030 haid
1179 2975 1212 3028 11.
1235 2974 1299 3028 0011.

175 3060 250 3112 Voss.
269 3075 389 3128 superare
415 3059 486 3112 Leid.
503 3061 529 3112 Il
552 3068 578 3112 et
600 3061 655 3112 Ital.
680 3062 721 3112 De
738 3061 855 3112 Disticha
878 3060 944 3113 conf.
970 3060 1144 3129 (iannegieter.
1170 3061 1225 3114 l.1.
1247 3079 1301 3130 cap.

175 3145 250 3198 XXX
267 3165 325 3214 pag.
344 3147 403 3202 488.

248 3235 287 3286 11.
324 3231 464 3284 Adversum
487 3231 588 3286 SYHr.
612 3232 701 3284 Leidd.
726 3233 747 3296 l,
773 3233 807 3294 ΙΙ,
832 3231 897 3285 coll.
921 3231 996 3282 Voss.
1013 3231 1152 3301 ves-Reg.
1175 3240 1200 3285 et
1218 3233 1300 3284 Turis.

174 3300 323 3420 Adverslsxsl
340 3335 362 3385 m
385 3353 441 3387 cum
464 3353 557 3387 rasura.
581 3343 669 3386 motum
692 3335 755 3388 conf.
778 3337 859 3398 1,33.
894 3335 1021 3386 Adversas
1042 3335 1138 3386 sociam
1162 3336 1301 3403 (Planudes

175 3437 305 3508 ἑταίροις)
324 3438 429 3491 Withof.
447 3457 473 3506 p.
490 3440 549 3494 549.
586 3439 627 3490 Ad
645 3456 747 3490 sensnm
765 3438 822 3505 lege
840 3438 891 3494 (iic.
911 3438 968 3488 Am.
987 3440 1028 3493 21.
1062 3435 1221 3490 ‘Cavendum
1233 3453 1304 3502 vero.

175 3526 300 3578 nostiam
318 3525 344 3576 in
362 3543 450 3593 graves
462 3525 602 3576 inimicitias
623 3531 770 3577 convertant
788 3541 816 3575 se
829 3524 968 3576 amicitiae:
989 3524 1122 3591 exquibus
1138 3525 1227 3592 iurgia,
1246 3543 1300 3576 ma·

174 3613 282 3674 ledieta,
308 3611 473 3663 contumeliae
495 3607 646 3678 gignuntur?
671 3609 783 3660 minimis
806 3608 840 3669 ἐξ
863 3607 958 3677 ὀλίγων
985 3609 1105 3678 Scaliger.
1141 3609 1170 3660 ἐκ
1192 3611 1299 3661 τυτθῶν

174 3697 270 3762 μύθων
288 3697 425 3749 Planudee.
446 3693 529 3748 herbis
551 3695 663 3747 minimis
686 3696 711 3746 V
729 3695 799 3746 Laid.
820 3697 840 3746 I.
865 3697 949 3747 verbis
973 3697 1049 3746 mimis
1071 3699 1115 3747 int.
1140 3697 1246 3748 maxime
1267 3715 1300 3749 cr.

174 3787 245 3838 Leid.
263 3787 295 3836 ll.
314 3788 411 3838 Veterr.
430 3784 493 3852 Reg.
511 3790 536 3835 et
554 3783 619 3834 Coll.
637 3783 712 3834 Voss.
749 3782 801 3832 His
818 3783 900 3834 verbis
922 3783 1031 3833 minimis
1053 3783 1097 3834 int.
1121 3783 1226 3834 maxime
1245 3800 1299 3834 cre-

174 3880 248 3923 sccmt
267 3873 348 3924 Turio.
365 3872 409 3923 Lis
427 3867 603 3922 verbis'mirrr'e
621 3867 652 3921 Y.
682 3869 725 3918 Lis
749 3867 834 3918 mamis
858 3869 939 3920 verbis
963 3869 998 3921 M.
1017 3867 1063 3918 Lis
1085 3885 1131 3936 pro
1149 3867 1248 3933 iurgio,
1271 3875 1301 3920 ut

175 3975 251 4027 supra
268 3961 288 4024 1,
307 3959 349 4014 36.
383 3958 436 4008 His
453 3956 563 4007 minimis
581 3953 656 4005 reims
676 3953 750 4006 SEH.
785 3955 828 4006 Lis
846 3955 1048 4020 rebusvminimis
1066 3955 1111 4008 int.
1134 3956 1165 4007 R.
1184 3961 1300 4006 crescant
1333 4023 1343 4034 ι

176 4052 250 4105 SEH.
268 4053 331 4104 Rox.
351 4056 457 4114 crescllll
472 4051 496 4102 R
513 4051 610 4116 (rasura
628 4057 653 4100 et
671 4049 743 4114 corr.)
762 4033 908 4101 maximb'T
929 4050 957 4110 (1.
979 4067 1011 4102 m.
1031 4049 1110 4113 corn).

244 4141 284 4193 12.
319 4147 386 4190 sorte
403 4137 486 4190 reddit
503 4135 632 4187 Planudes
652 4153 699 4202 per
717 4129 835 4205 rlg‘door,
856 4135 972 4202 Scaliger
989 4152 1034 4200 per
1051 4127 1152 4202 κλήρῳ.
1180 4134 1299 4185 Erasmus

176 4225 257 4276 voluit
274 4221 397 4293 κλήροισι
414 4241 500 4276 rerum
519 4221 619 4273 distichi
638 4237 742 4272 sensnm
756 4221 792 4272 sic
804 4230 945 4288 exponens:
964 4219 1012 4270 ‘Ne
1025 4220 1159 4286 sortilegiis
1178 4237 1207 4271 ae
1225 4221 1298 4271 malis

175 4311 268 4363 artibus
288 4310 408 4378 inquiras,
428 4309 489 4375 quid
508 4309 539 4360 de
558 4307 710 4360 defuturum
736 4307 783 4358 sit:
811 4306 1014 4373 quandoquidem
1031 4306 1059 4356 id
1076 4305 1145 4356 Deus
1169 4305 1225 4356 sciri
1249 4322 1299 4356 non

176 4397 245 4458 rult3
265 4413 347 4463 neque
365 4396 432 4448 enim
449 4403 475 4447 te
492 4395 518 4446 in
536 4395 673 4446 concilium
690 4393 801 4456 adhibet,
819 4411 875 4444 cum
894 4392 989 4458 aliquid
1004 4391 1116 4443 decernit
1128 4391 1159 4442 de
1173 4399 1213 4449 te;
1233 4392 1300 4457 quod

175 4483 198 4534 ai
215 4491 240 4535 te
257 4483 333 4535 vellet
357 4483 383 4533 id
406 4482 484 4544 scire,
507 4482 624 4533 nimirum
649 4489 786 4532 accerseret
809 4489 833 4531 te
851 4481 876 4530 in
897 4479 1046 4530 concilium'.
1083 4477 1156 4542 Quod
1174 4477 1236 4528 deus
1256 4479 1299 4529 int.

1057 4563 1095 4618 5*
