3170 5090
328 453 362 505 ro
717 453 808 528 puro
826 453 1071 507 ruinosoruvs.

350 613 399 674 34.
434 608 565 676 Vincere
588 629 657 676 cum
680 609 789 692 possis,
814 594 971 677 interdum
994 611 1068 679 cede
1091 612 1204 680 sodali:

434 715 591 798 Obsequio
613 715 759 798 quoniam
781 715 887 782 dulces
910 717 1085 783 retinentur
1106 719 1206 798 amici.

349 823 398 885 35.
431 817 480 883 Ne
502 817 635 898 dubites,
659 837 728 884 cum
751 837 864 902 magna
885 825 985 901 petas,
1008 822 1177 904 inpendere
1199 843 1311 906 parva:

432 921 490 988 His
513 922 627 988 etenim
649 923 744 988 rebus
766 923 927 1006 coniungit
949 922 1060 989 Gratia
1081 943 1180 991 caros.

349 1028 398 1090 36.
433 1023 536 1090 Litem
558 1023 674 1092 inferre
696 1045 780 1102 cave,
802 1045 871 1092 eum
893 1047 955 1110 quo
977 1028 1035 1094 tibi
1056 1029 1159 1110 gratia
1181 1030 1288 1096 iuncta
1310 1036 1371 1096 est:

349 1161 360 1176 κ
432 1127 486 1192 Ira
507 1127 612 1192 odium
634 1135 772 1210 generat,
796 1131 962 1196 concordis
984 1132 1084 1196 nutrit
1105 1151 1252 1198 amorem.

348 1233 397 1295 37.
430 1229 598 1302 Servorum
622 1233 661 1298 ob
684 1233 807 1316 eulpam
829 1253 899 1299 eum
922 1239 954 1299 te
976 1235 1065 1302 dolor
1086 1240 1179 1316 urget
1199 1236 1240 1300 sd
1263 1237 1351 1315 iram,

432 1333 504 1416 Ipse
525 1335 583 1399 tibi
604 1335 776 1416 moderere,
799 1335 863 1400 tuis
885 1341 921 1401 ut
942 1356 1070 1419 parcere
1092 1335 1203 1421 possis.

392 1491 435 1545 34.
464 1491 526 1542 daem
540 1501 611 1557 poss.
628 1489 669 1541 Pr.
688 1491 764 1542 coede
780 1491 810 1542 R.
830 1491 902 1542 aduae
924 1492 1006 1543 sodali
1022 1491 1085 1544 Rex.
1102 1492 1173 1546 Laid.
1191 1491 1222 1543 ΙΙ.
1241 1493 1400 1545 Celb‘Vnss.
1418 1502 1443 1545 et

324 1575 422 1628 Veterr.
441 1578 503 1644 Reg.
524 1577 585 1630 aede
602 1579 672 1629 vinee
690 1595 753 1632 eorr.
773 1579 853 1631 Turia.
873 1579 934 1642 quim
952 1579 1018 1630 dule.
1037 1579 1106 1630 Cart.
1124 1581 1182 1634 ast.
1202 1595 1279 1643 queam
1297 1581 1362 1632 dala.
1381 1581 1445 1633 Vsu.

325 1666 367 1718 91.
385 1663 524 1714 uincuntur
546 1665 626 1716 amici.
649 1665 718 1716 Laid.
737 1666 769 1718 11.
789 1666 886 1733 Gryph.
905 1665 990 1739 Palm.¹
1013 1665 1168 1732 (vinciuntur
1185 1665 1305 1734 Euehau)
1323 1675 1347 1718 et
1365 1683 1445 1733 quae·

325 1750 384 1801 dam
409 1751 572 1815 recentiores,
599 1759 663 1803 teste
686 1753 827 1806 Arataenio.

392 1837 434 1894 35.
480 1855 512 1890 ue
545 1838 634 1890 dubita
668 1837 692 1889 H
724 1839 790 1892 coll.
826 1830 901 1894 Voss'.
932 1839 996 1890 Van.
1031 1842 1072 1895 93.
1087 1829 1091 1839 Δ
1109 1839 1214 1893 Seriver.
1247 1841 1303 1894 rell.
1341 1841 1447 1893 dubites.

325 1930 398 1989 petus
431 1923 517 1976 omnes
544 1925 594 1976 mei
624 1924 702 1978 eodd.
732 1935 757 1977 et
785 1926 872 1978 Leidd.
902 1928 921 1982 Ι.
953 1927 998 1978 ΠΙ.
1028 1927 1083 1980 Vot.
1118 1926 1202 1978 Chart.
1231 1937 1256 1978 et
1290 1928 1348 1980 edd.
1384 1925 1447 1978 mul·

324 2019 366 2060 tas
399 2017 428 2060 ut
459 2011 537 2062 Eueh.
567 2012 648 2066 'l'rem
677 2013 774 2066 Erasm.
805 2013 880 2065 Boill.
910 2012 1006 2080 Gryph.
1039 2011 1110 2063 Grae.
1144 2011 1247 2063 Seriver.
1283 2010 1349 2078 petis
1375 2012 1447 2064 Iseid.

325 2096 356 2146 ΙΙ.
384 2095 448 2149 Call.
474 2097 548 2150 Voss.
575 2098 632 2150 Vet.
667 2099 730 2165 Reg.
762 2099 803 2149 Pr.
839 2107 907 2164 peteo
937 2099 1006 2150 Mox.
1037 2098 1142 2151 Membr.
1174 2097 1247 2150 Voss.
1270 2097 1334 2148 Ven.
1361 2099 1397 2153 93
1423 2107 1448 2150 et

326 2181 401 2232 Gord.
428 2190 497 2249 petes
523 2201 584 2235 eorr.
612 2191 684 2250 petus
707 2185 790 2236 'l'urie
828 2180 951 2236 ‘Gratiam
976 2183 1024 2238 hio.
1048 2192 1118 2234 voest
1140 2183 1223 2234 Deum
1243 2183 1444 2235 benevolentiae.

305 2268 450 2322 Erasmus.
485 2266 574 2338 Χάρις
598 2269 646 2321 liu
674 2271 764 2322 minori
787 2269 895 2321 Planud.
920 2279 944 2320 et
968 2269 1089 2337 Scaliger.
1132 2269 1194 2320 Tres
1218 2268 1319 2336 quidem
1343 2269 1446 2321 Gratiae

323 2362 499 2417 numerantur,
522 2372 588 2422 quae
605 2355 675 2407 Deae
700 2355 878 2408 benefloiornm
902 2356 975 2407 etiam
997 2356 1161 2414 habebantur,
1181 2353 1289 2418 (Sennea
1307 2355 1338 2405 da
1356 2355 1445 2406 Benef.

323 2443 344 2502 1,
362 2442 399 2508 3),
417 2443 462 2494 sed
480 2460 530 2494 una
549 2461 647 2510 semper
675 2459 763 2494 aversa
793 2443 961 2510 pingebatur,
983 2443 1095 2509 reliquae
1117 2441 1184 2492 duae
1206 2459 1252 2492 nos
1270 2441 1445 2508 respicientes,

322 2537 388 2580 teste
404 2529 538 2596 Fulgentio
555 2529 663 2598 mythol.
681 2530 714 2590 11,
733 2533 762 2584 4:
788 2526 881 2579 Veneri
902 2537 953 2579 tres
974 2525 1088 2578 Charites
1105 2525 1237 2588 adiciunt,
1260 2526 1328 2576 duos
1346 2527 1384 2578 ad
1402 2544 1447 2578 uns

324 2631 462 2678 conuersos,
479 2633 560 2666 uuam
577 2632 594 2665 a
610 2616 684 2668 nebia
702 2633 832 2678 nuaram,-
850 2615 918 2682 quod
935 2615 1055 2665 Heinsius
1075 2613 1135 2666 Adv.
1153 2631 1178 2681 p.
1197 2615 1248 2669 740
1265 2614 1399 2680 eleganter
1413 2613 1447 2665 ita

323 2700 445 2770 explieat:
464 2702 549 2754 Gratia
568 2719 583 2753 a
600 2703 674 2754 uobis
692 2703 828 2769 praefecta,
846 2702 893 2754 hoa
911 2709 950 2752 est
966 2699 1117 2752 beneficium
1136 2699 1209 2751 alteri
1227 2689 1384 2767 praestitum,
1403 2700 1448 2750 du-

281 2852 285 2862 ¹
323 2787 381 2852 pler
399 2788 431 2838 ad
448 2804 495 2840 nos
511 2788 602 2840 reverti
620 2790 691 2840 solet.
715 2807 792 2856 preve
808 2789 864 2839 Ital.
936 2823 946 2842 .

391 2872 432 2927 36.
464 2873 555 2925 Littem
581 2875 611 2926 B.
638 2875 703 2927 eous.
729 2876 767 2937 11,
788 2878 832 2930 11:
860 2873 907 2924 Lis
932 2871 1044 2924 minimis
1072 2872 1152 2924 verbio
1178 2873 1307 2924 interdum
1333 2873 1448 2923 marcinus

324 2959 419 3011 erescit.
455 2959 590 3016 Erasmus:
610 2961 753 3014 Cavendum
771 2969 817 3022 est,
835 2978 868 3012 ne
886 2977 930 3028 per
948 2959 1103 3018 inimicitiam
1117 2959 1150 3009 lis
1168 2959 1262 3012 ineidat
1279 2976 1335 3010 euru
1355 2958 1446 3017 mico,

323 3055 456 3114 propterea
473 3048 542 3116 quod
559 3065 589 3099 ex
607 3049 687 3116 iurgio
705 3049 815 3100 resident
832 3049 858 3099 iu
875 3049 966 3100 animis
983 3046 1088 3112 vestigia
1106 3046 1237 3112 quaedam,
1256 3062 1320 3110 qnae
1337 3046 1446 3096 benero-

323 3133 425 3184 leutiam
449 3141 549 3186 redunt
571 3134 705 3200 aliquoties
723 3135 749 3185 in
768 3133 861 3186 odium.
897 3133 930 3184 Et
951 3149 1002 3183 nou
1020 3131 1113 3199 optime
1136 3131 1202 3183 coire
1225 3130 1291 3182 solet
1313 3130 1391 3182 semsi
1410 3147 1446 3180 re·

323 3219 403 3270 scissa
420 3221 560 3273 coneordia.
597 3221 665 3287 Ergo
688 3218 820 3270 morositas
843 3219 925 3270 omnis
943 3225 970 3268 et
988 3217 1113 3283 asperitas
1131 3215 1314 3267 debet'abesse
1331 3215 1364 3266 ab
1380 3215 1445 3266 arui-

322 3303 395 3360 eitia'.
433 3305 482 3356 Ira
499 3306 585 3358 odium
600 3313 713 3372 generat.
732 3305 796 3358 conf.
814 3305 875 3357 Hor.
893 3306 913 3366 Ι,
934 3307 978 3366 19,
993 3307 1040 3361 45:

526 3393 612 3444 Ludus
631 3393 696 3444 enim
714 3393 802 3460 genuit
818 3391 943 3460 trepidum
962 3398 1086 3442 certamen
1105 3396 1130 3440 et
1147 3389 1219 3449 iram,

529 3481 570 3530 lra
586 3487 667 3530 truces
686 3479 838 3540 inimicitiae,
859 3488 882 3529 et
900 3477 1003 3528 funebre
1020 3476 1124 3528 bellum.
1314 3537 1316 3542 Ι

389 3566 431 3620 37.
460 3565 594 3618 Servorum
614 3567 646 3617 ob
665 3565 764 3632 eulpam
782 3565 813 3616 R.
832 3565 908 3629 (man.
927 3582 944 3614 r.
962 3562 1108 3630 glossatoris
1127 3579 1188 3613 eurr.
1209 3577 1325 3628 suprapo.
1345 3559 1386 3626 ob)
1410 3559 1445 3610 M.

320 3651 391 3704 Laid.
409 3653 453 3704 ΙΙΙ.
472 3652 529 3703 Vel.
551 3651 633 3702 chart
652 3659 678 3702 et
694 3651 799 3702 Membr.
817 3650 892 3702 Voss.
918 3667 969 3700 uon
995 3647 1197 3702 dissentientibus
1214 3647 1278 3700 und.
1302 3645 1445 3712 antiquissi-

321 3739 412 3790 miset
430 3737 539 3805 optimis,
558 3737 633 3789 iniis
651 3753 751 3805 quoque
768 3737 837 3804 Aug.
856 3736 950 3798 vinu,
974 3736 1014 3786 oui
1032 3735 1170 3803 plurimum
1191 3734 1288 3793 tribuo,
1309 3738 1335 3782 et
1351 3731 1446 3784 Erasm.

321 3823 396 3874 Boill.
422 3823 517 3891 Grypb.
544 3821 617 3873 cord.
640 3823 729 3886 Orno,
756 3840 802 3874 nee
826 3823 899 3875 aliter
917 3822 1058 3874 Seriverius
1085 3821 1188 3882 edidit',
1214 3827 1279 3871 teste
1303 3818 1444 3870 Amtzanio.
1472 3868 1485 3904 ι

319 3908 448 3960 Pluralem
466 3910 556 3974 culpus
574 3917 676 3960 tuentur
693 3927 757 3976 pure
774 3909 822 3960 iifl
840 3916 865 3960 et
884 3909 912 3971 S,
932 3909 974 3974 qui
991 3908 1070 3958 habet
1085 3906 1210 3974 glossam:
1233 3924 1254 3958 s.
1272 3913 1382 3972 propter.
1399 3904 1444 3955 ab·

320 3994 424 4045 latinum
442 3995 505 4062 sing.
524 3995 602 4060 eulpa
616 3994 666 4060 VX
677 3995 720 4046 Pr.
732 3995 790 4047 Ital.
802 3995 867 4047 Ven.
879 3997 920 4051 93.
939 4002 964 4046 et
981 3993 1052 4046 Laid.
1064 3993 1084 4044 1.
1103 4010 1158 4043 eum
1175 4009 1262 4044 rasura
1279 3991 1312 4042 T:
1332 3987 1445 4058 culpa}

320 4087 459 4139 ablativum
476 4088 572 4166 plurali
590 4089 671 4154 culpis
689 4106 753 4154 pure
771 4089 841 4140 Laid.
860 4090 892 4140 ΙΙ.
912 4106 969 4140 enm
987 4089 1139 4140 correctione
1154 4067 1241 4155 enipius
1257 4087 1365 4152 Y(1.m.
1384 4093 1444 4136 mut.

319 4203 335 4236 a
353 4182 379 4232 in
396 4181 423 4246 i).
448 4169 538 4248 culpis
558 4185 642 4236 Turio.
661 4185 764 4252 (puncto
783 4185 830 4235 sub
849 4201 865 4232 a
882 4183 987 4250 posito),
1005 4191 1036 4234 ut
1053 4181 1226 4250 Cannegieter.
1244 4198 1298 4248 esp.
1310 4181 1351 4234 30.
1370 4179 1445 4229 Eras-

319 4285 384 4331 mus,
401 4267 533 4330 Daumius,
551 4269 669 4322 Arntaen.
694 4270 749 4322 rell.
771 4270 831 4321 libri
853 4271 904 4320 mai
928 4268 1021 4320 habeut
1043 4269 1072 4319 ob
1095 4269 1204 4333 melpum.
1223 4275 1315 4334 urguet
1330 4265 1400 4316 Laid.
1418 4265 1430 4314 Ι

319 4361 412 4421 urguet
432 4353 497 4406 Coll.
516 4355 589 4408 Voss.
607 4356 636 4406 iu
654 4357 709 4407 iras
725 4353 831 4424 ‘pausae
848 4355 1002 4420 eaedemque
1019 4351 1136 4406 iuniores’
1155 4354 1229 4416 Edu,
1253 4361 1318 4407 teste
1333 4351 1437 4408 Aratae-
