3148 5102
269 397 326 436 vin
468 425 470 436 ,
721 371 929 424 anannamo.

370 527 541 610 Fingebam
564 527 679 610 vultus,
700 527 826 594 habitus
849 545 886 592 aa
907 526 1004 592 verba
1024 527 1215 607 loquentum,
1351 530 1394 590 15

421 629 465 694 Vt
485 630 592 712 plures
614 647 676 694 uno
699 629 823 696 creduis
846 648 901 696 ore
922 628 1018 710 loqui.

370 734 442 817 Ipse
465 732 570 814 etiam,
592 750 685 815 quem
708 738 817 798 nostra
840 732 939 799 oculis
962 731 1144 815 geminabat
1164 733 1278 816 imago,

295 825 301 838 '
420 836 563 917 Horruit,
585 835 618 900 in
640 835 747 902 vultus
771 852 805 901 se
827 833 923 900 maris
945 834 1008 900 isse
1029 853 1125 902 meos.

370 940 396 1007 O
419 940 563 1024 quotiens
585 939 709 1005 imitata
730 956 799 1005 meo
822 956 856 1005 se
879 937 995 1004 femina
1015 943 1108 1021 gestu

420 1040 509 1108 Vidit
531 1046 563 1108 et
584 1042 711 1108 erubuit
732 1046 862 1124 totaque
883 1048 970 1110 mota
991 1040 1064 1108 fuiti
1350 1046 1395 1108 20

370 1148 456 1228 Ergo
479 1149 556 1228 quot
577 1145 609 1210 in
632 1151 740 1212 nostro
762 1145 908 1214 ridebant
929 1163 1061 1227 corpore
1082 1143 1210 1227 formae,

421 1248 482 1314 Tot
502 1264 624 1313 mecum
644 1253 752 1330 raptas
773 1245 905 1314 abstulit
925 1251 996 1313 atra
1018 1249 1094 1314 dies.

371 1335 439 1414 Quo
461 1351 516 1398 vos
539 1333 602 1398 iam
623 1333 707 1399 tristi
729 1333 876 1399 turbatus
899 1332 1050 1416 deprecor
1072 1351 1135 1414 ore,

422 1433 484 1514 Qui
505 1433 659 1500 tumulum
681 1435 786 1518 legitis
809 1453 879 1502 cnm
900 1435 1019 1518 pictate
1040 1455 1154 1503 meum.

372 1539 399 1606 Ο
422 1555 517 1619 qnam
538 1537 642 1603 laetus
665 1555 744 1619 eras,
767 1535 891 1620 Vitalis,
914 1539 1008 1605 dicite
1029 1539 1159 1605 maesti:
1351 1545 1393 1606 25

423 1639 493 1706 Sint
515 1640 582 1718 tibi,
604 1639 728 1718 Vitalis,
751 1641 815 1707 sint
835 1641 894 1708 tibi
916 1642 1000 1708 laeta
1021 1642 1128 1709 modol
1154 1680 1197 1691 -

323 1803 327 1816 ,
353 1745 422 1811 Hoc
444 1743 652 1827 epitaphium,
675 1740 759 1827 quod
781 1742 889 1810 multis
910 1743 995 1810 vitiis
1022 1745 1213 1812 maculatum
1242 1745 1394 1829 singulari

270 1869 345 1917 cura
367 1847 544 1931 emendavi,
571 1849 604 1914 in
626 1847 756 1914 Catonis
778 1849 881 1914 nostri
900 1845 998 1914 filium
1020 1847 1118 1916 fuisse
1140 1848 1307 1931 seriptum,
1330 1867 1393 1916 non

269 1951 435 2019 verisimile
456 1959 544 2034 puto,
567 1971 637 2018 cum
659 1956 727 2018 tota
742 1951 947 2018 distichorum
969 1951 1089 2018 indoles
1112 1955 1144 2018 et
1165 1958 1281 2018 natura
1301 1953 1395 2019 mori·

270 2057 330 2123 bus
351 2055 437 2120 mimi
460 2055 663 2135 contradicat,
686 2057 775 2122 cuius
793 2055 902 2121 ‘vivida
923 2055 973 2120 his
995 2055 1137 2122 versibus
1159 2055 1262 2138 imago
1285 2057 1394 2122 adnm-

270 2161 363 2226 brata
377 2163 433 2225 est
471 2159 518 2223 De
529 2158 627 2225 Vitali
641 2159 702 2224 isto
713 2157 785 2224 uide
796 2159 922 2224 Anthol.
946 2157 982 2222 L.
995 2157 1050 2236 VI,
1062 2162 1112 2224 20.
1126 2159 1243 2240 Meyer.
1256 2179 1286 2224 n,
1302 2165 1393 2237 11⁷3,

273 2268 311 2327 15
328 2281 394 2346 sqq.
433 2261 512 2328 Cum
528 2261 647 2328 Catone
669 2266 777 2328 nostro
801 2281 872 2327 eum
893 2261 991 2328 fuisse
1006 2262 1215 2344 coniunctum,
1236 2262 1323 2328 nulla
1345 2267 1395 2328 est

270 2366 362 2431 ratio.
406 2365 454 2430 De
477 2365 601 2431 scurrili
631 2365 766 2448 quodam
789 2365 916 2432 serioris
944 2365 1062 2432 saeculi
1083 2371 1193 2448 poeta,
1221 2366 1272 2432 cui
1294 2365 1393 2432 simile

271 2489 383 2536 nomen
406 2467 525 2552 (Vidal)
549 2473 627 2549 erat,
651 2470 788 2552 cogitare
809 2472 897 2535 vetat
920 2473 1006 2536 certa
1028 2467 1151 2537 Codicis
1173 2469 1273 2537 nostri
1295 2472 1392 2551 aetas,

271 2573 326 2655 qui
347 2592 410 2639 non
433 2572 473 2638 ad
496 2572 650 2638 decimum
673 2574 801 2639 tertium
824 2573 880 2639 sed
902 2572 944 2639 ad
966 2572 1120 2639 decimum
1143 2574 1304 2639 saeculum
1326 2590 1392 2655 spe

272 2680 346 2743 ctat.
391 2677 420 2740 A
449 2675 584 2741 librariIs
614 2693 688 2757 ergo
718 2675 910 2759 epitaphium
940 2675 1018 2742 illud
1047 2674 1175 2742 Catonis
1203 2675 1283 2743 libro
1311 2675 1392 2744 forte

271 2778 411 2854 fortuna,
435 2781 470 2842 nt
491 2777 648 2842 interdum
672 2776 723 2854 fit,
753 2779 933 2844 adiunctum
957 2797 1026 2846 esse
1049 2780 1259 2863 suspicamur,
1289 2779 1393 2864 qualia

272 2882 488 2949 additamenta
509 2880 542 2944 in
564 2879 720 2953 nonnullis
741 2881 900 2948 veteribus
924 2881 1048 2948 Horatii
1075 2883 1233 2949 codicibus
1256 2888 1315 2951 otc.
1337 2884 1391 2950 Pa·

133 2967 134 2971 ¹
271 2985 367 3051 risino
390 2982 419 3047 B
442 2989 603 3066 tamquam
625 3002 760 3066 parerga
782 3003 801 3050 a
823 2985 925 3065 prima
946 3003 1041 3050 manu
1067 2985 1170 3068 posita
1191 3005 1260 3054 esse
1283 3005 1392 3071 cogno

272 3105 381 3156 umus.

357 3189 492 3257 Vetusta
513 3208 625 3256 manus
647 3191 785 3257 secunda
812 3190 905 3256 modo
927 3192 1076 3272 correxit,
1106 3193 1199 3260 modo
1227 3194 1330 3260 varias
1351 3194 1392 3260 le·

273 3295 391 3360 ctiones
407 3313 502 3377 supra
525 3296 641 3378 posuit
663 3298 700 3360 ut
714 3293 936 3377 ‘intlllissllgaa
959 3314 1049 3378 quur,
1073 3296 1201 3364 coniunx
1215 3301 1275 3365 etc.
1314 3296 1391 3363 Scri·

272 3400 319 3466 bit
340 3416 502 3480 proponas,
523 3398 682 3479 quaesitis,
705 3396 803 3480 lbi(=
813 3398 932 3463 mortis.
956 3417 1026 3465 cum
1049 3400 1171 3484 cauda),
1194 3400 1294 3478 uiciis,
1317 3400 1391 3466 diui-

273 3502 341 3579 ciiS,
355 3519 562 3584 compescere,
573 3501 762 3582 impendere,
776 3501 951 3584 adquirere,
963 3501 1102 3582 coherce,
1114 3505 1266 3588 abundas,
1272 3505 1391 3584 damna,

274 3607 405 3688 damnis,
427 3607 519 3672 thure
542 3609 599 3671 et.
945 3671 947 3674 ,

224 3690 250 3795 “,
359 3709 417 3795 (7.)
449 3709 612 3776 Parisinus
635 3713 719 3774 2874
741 3710 773 3775 in
796 3715 825 3774 4.
854 3710 995 3794 longiore
1023 3717 1084 3780 vet.
1110 3731 1195 3779 num.
1218 3715 1301 3777 4246
1324 3730 1390 3778 cum

274 3813 398 3882 schohis
421 3813 645 3896 marginalibus
675 3817 708 3878 et
729 3811 840 3895 glossis
866 3815 984 3897 primae
1006 3833 1127 3882 manus.
1173 3814 1285 3882 Catoni
1305 3832 1390 3898 prae-

272 3919 369 3984 missa
391 3921 466 3984 sunt
480 3921 625 3998 poemata
639 3917 795 3999 Prosperi,
818 3915 927 3984 Sereni
946 3918 1140 4001 chorumque
1154 3923 1318 4003 poetarum
1339 3919 1391 3985 mi-
1457 3917 1465 3934 '
1550 3905 1551 3916 ¹

273 4041 393 4088 norum.
438 4019 567 4086 Catonis
589 4038 701 4086 nomen
725 4039 787 4086 non
809 4022 946 4088 occurrit
967 4021 999 4086 in
1022 4022 1208 4106 epigraphis,
1232 4041 1313 4106 quae
1335 4023 1390 4090 sin-

273 4125 356 4210 gulis
372 4125 460 4191 librIs
476 4126 569 4190 datae
584 4129 673 4190 sunt:
690 4123 887 4190 EXPLICIT
908 4125 1036 4190 LIBER
1049 4125 1074 4190 Ι.
1090 4124 1249 4192 INCIPIT
1268 4125 1391 4191 LIBER

272 4230 314 4295 ΙΙ.
337 4264 379 4276 -
402 4225 567 4294 EXPLIC.
597 4227 725 4292 LIBER
747 4227 805 4293 ΙΙΙ.
837 4225 996 4293 INCIPIT
1025 4226 1228 4306 QVARTVS.
1281 4229 1390 4294 Manus

274 4331 461 4418 glossatoris
484 4349 577 4414 saepe
600 4329 734 4396 correxit
756 4347 935 4412 expungens
958 4333 991 4396 et
1012 4330 1154 4397 eradens.
1200 4329 1389 4414 Scripturas:
