3148 5102
277 455 401 500 xxxvm
744 425 946 478 rainerum.

277 593 452 656 strumenta
480 591 618 654 veterem
647 582 820 651 desiderari
849 581 978 648 Catonis
1007 579 1223 662 scholiastam‚
1252 581 1307 664 qui
1335 580 1403 664 ipsa

277 691 536 776 interpretatione
557 689 643 756 haud
659 707 732 754 raro
748 686 920 754 clarissime
935 683 1099 768 significet,
1123 685 1198 768 quid
1214 684 1273 750 sibi
1287 683 1403 750 lectum

277 798 383 877 tuerit,
404 795 438 862 id
459 797 545 881 quod
566 794 711 874 Horatio,
733 790 842 858 Persio
865 790 997 874 aliisque
1018 789 1120 873 poetis
1134 787 1312 872 gratissime
1333 805 1404 854 con-

279 901 390 985 tigisse
412 901 537 968 scimus.
582 898 756 966 Dicendum
777 902 883 962 tamen
907 899 964 975 est,
988 893 1143 960 Graecam
1165 891 1315 957 Planudis
1336 907 1404 954 ver·

278 1005 411 1085 sionem,
441 1009 478 1070 ut
500 1003 539 1071 de
561 1002 631 1069 aliis
653 1007 830 1080 taceamus,
865 997 977 1064 Catoni
1011 997 1206 1080 aliquantum
1240 992 1403 1077 proluisse.

278 1109 383 1191 Atque
406 1107 531 1174 omnino
547 1103 758 1173 confitendum
781 1107 838 1182 est,
863 1099 992 1167 Catonis
1008 1099 1141 1166 disticha
1155 1097 1320 1164 maximam
1335 1115 1404 1180 par·

279 1217 352 1290 tem,
375 1210 533 1276 nonnullis
554 1209 631 1276 locis
655 1205 802 1292 exceptis,
826 1207 903 1272 satis
926 1223 996 1272 esse
1018 1210 1167 1272 correcta.

365 1312 575 1379 Fundamenti
594 1316 736 1378 ueterum
758 1309 900 1377 codicum
929 1309 1213 1391 manuscriptorum
1229 1304 1405 1390 egebamus

280 1422 375 1500 atque
398 1415 613 1494 auctoritatis,
636 1433 717 1498 quae
739 1413 802 1480 iam
824 1408 1110 1495 a‘diligentissimo
1138 1409 1272 1476 fontium
1302 1407 1405 1492 explo-

278 1518 393 1586 ratore'
416 1517 524 1584 oblata
546 1523 604 1583 est.
635 1517 779 1600 Namque
798 1512 1019 1597 Arntzenii¹³),
1042 1515 1096 1598 qui
1113 1514 1232 1598 primus
1254 1512 1406 1596 quasdam

280 1622 422 1688 codicum
457 1620 586 1686 Catonis
619 1620 800 1686 collationes
830 1619 870 1684 ab
900 1618 970 1684 aliis
998 1617 1098 1686 factus
1125 1617 1313 1700 publicavit,
1342 1632 1406 1681 non

280 1730 371 1790 tanta
394 1729 443 1790 est
464 1723 495 1789 in
518 1729 644 1808 poetam
666 1723 849 1789 meritorum
872 1722 1064 1804 magnitudo,
1087 1725 1124 1787 ut
1139 1723 1324 1806 apparatum
1349 1720 1407 1786 cri-

281 1828 378 1892 ticum
401 1826 524 1892 dedisse
547 1825 708 1910 glorietur.
747 1825 846 1904 Quom
870 1845 926 1909 ego
950 1843 1033 1893 nunc
1056 1825 1137 1901 dedi,
1160 1826 1195 1904 is,
1220 1823 1406 1907 qualiscum-

282 1949 343 2012 que
367 1934 423 2008 est‚
454 1934 491 1994 ut
519 1929 672 1996 lectorum
694 1919 835 1994 meorum
856 1927 1052 2010 indulgentia
1074 1927 1270 2008 aliquantum
1294 1926 1407 2008 dignus

280 2034 446 2111 habeatur,
468 2029 697 2114 optatissimum
720 2035 777 2096 est.

351 2221 382 2287 ¹³)
402 2220 462 2272 Otto
480 2220 629 2272 Amlaenius
652 2219 678 2270 iu
702 2219 786 2286 ampla
804 2236 850 2270 sus
867 2219 977 2271 editione
1002 2219 1081 2286 (Traj.
1106 2219 1139 2271 ad
1161 2219 1210 2272 Rh.
1231 2221 1306 2282 1735,
1324 2221 1348 2275 8.
1366 2220 1406 2272 ed.

280 2307 323 2360 alt.
341 2316 404 2358 auct
424 2305 564 2358 Amstelod.
584 2307 658 2365 1754,
678 2306 705 2370 8)
724 2306 804 2356 multa
827 2306 917 2380 coegit,
941 2323 973 2357 ne
992 2306 1072 2358 dicam
1090 2307 1240 2373 compilavit3
1259 2306 1342 2357 omnia
1359 2323 1406 2357 su·

279 2403 330 2444 tem
349 2393 377 2444 in
395 2410 473 2443 unum
492 2391 618 2459 congessit
629 2391 777 2458 Anonymus
790 2391 893 2458 quidam
908 2391 982 2454 (teste
997 2391 1157 2444 Fuhrmanno
1170 2392 1270 2443 Handb.
1289 2392 1315 2444 d.
1332 2393 1406 2444 class.
1437 2392 1444 2413 ⁸

279 2479 326 2531 Lis
346 2479 403 2529 Vol.
422 2478 466 2529 111.
487 2495 511 2544 p.
529 2478 580 2533 829
595 2473 706 2543 ‘Koenig
722 2494 770 2528 von
788 2475 964 2544 Kdnigsleld’)
982 2479 1029 2529 sub
1047 2479 1121 2530 titulo
1140 2478 1301 2545 magniloquo
1319 2485 1345 2529 et
1362 2495 1405 2530 oo-

280 2565 365 2632 pioso:
381 2560 511 2614 ‘Historia
526 2565 561 2630 (l)
579 2562 671 2613 critica
686 2563 720 2629 (i)
742 2560 895 2624 Catoniana,
914 2581 959 2630 per
977 2565 1135 2632 singulorum
1154 2564 1244 2615 seriem
1262 2571 1406 2615 consuetam

281 2649 395 2717 Dionysii
414 2649 516 2700 Catonis
535 2649 706 2700 Distichorum
725 2665 756 2699 ex
774 2650 862 2700 ordino
880 2650 994 2702 deducta.
1031 2650 1077 2701 coi
1095 2651 1287 2718 praemittuntur
1303 2649 1407 2701 Maximi

281 2736 401 2786 Plauudis
420 2737 585 2802 metaphrasis
603 2753 706 2803 graeca,
731 2753 788 2786 cum
806 2737 1012 2803 castigationibus
1036 2737 1093 2790 Joh.
1113 2737 1234 2804 Scaligeri
1256 2737 1281 2786 iu
1300 2736 1407 2788 eandem

281 2822 426 2888 perpetuis;
445 2822 555 2888 itemque
573 2821 659 2875 Desid.
678 2822 776 2873 Erasmi
801 2825 924 2874 concinna
944 2823 1074 2890 expositio.
1110 2823 1215 2874 Adnexa
1233 2830 1290 2874 sunt
1309 2822 1405 2874 clariss.

280 2909 389 2958 virorum
408 2908 512 2970 Barthii,
531 2908 619 2974 Opimi,
638 2908 746 2971 Daumii,
765 2909 873 2969 Wachii,
891 2907 1035 2970 Boxhornii,
1054 2908 1236 2977 Cauncgieteri,
1250 2907 1363 2960 withofii
1380 2915 1407 2959 et

281 2992 471 3044 Arntneniorum
489 2996 593 3044 fratrum
618 2995 847 3046 animadversiones
872 2995 987 3047 selectae.
1024 2995 1120 3047 Addita
1144 3013 1244 3063 quoquo
1262 2996 1294 3046 ad
1311 2995 1405 3046 calcem
1512 3021 1514 3028 ·

282 3079 453 3130 Distichorum
478 3073 569 3146 cuique
586 3096 650 3132 nova
673 3080 845 3146 paraphrasis.
882 3081 1023 3132 amstelod.
1050 3084 1130 3143 1759,
1155 3083 1179 3136 8.
1198 3082 1288 3134 melius
1307 3082 1406 3149 digesta

281 3182 297 3214 a
314 3163 372 3229 Chr.
391 3162 474 3218 saxio.
502 3165 569 3231 Traj.
598 3165 630 3216 ad
657 3165 706 3216 Ich.
735 3167 809 3226 1778,
837 3167 861 3220 8.
889 3167 954 3219 conf.
974 3167 1057 3234 Loipn.
1077 3167 1133 3219 Gel.
1153 3167 1265 3235 Zeitung.
1286 3171 1360 3224 1761.
1378 3187 1403 3236 p.

282 3250 426 3305 347-·349.
