3170 5090
640 450 742 503 LIBER
759 453 804 504 Ill.

195 608 222 670 5.
259 603 432 688 Segnitiem
453 605 562 688 fugito,
585 625 667 689 quae
689 607 772 674 vitae
794 609 920 690 ignavia
942 607 1057 692 fertur3

260 708 341 774 Nam
364 729 435 776 curn
458 710 579 776 animus
601 711 740 792 languet,
762 712 917 778 consumit
938 713 1051 779 inertie
1072 731 1193 796 corpus.

158 881 351 947 saque-ltaque.
370 881 452 933 citare
469 889 593 935 memento
611 883 657 935 EV
669 883 711 936 Pr.
729 884 786 940 Ital.
805 887 862 936 Bas.
883 884 961 953 Neap.
980 885 1044 938 Van.
1056 888 1098 942 91.
1128 885 1218 954 Simpl.
1231 888 1282 940 reri

157 970 232 1031 temo
243 975 279 1018 est
291 967 504 1021 YSHnnBDKM
522 969 582 1036 (eim
594 987 640 1038 pro
652 969 715 1038 veru)
735 970 784 1024 VX
801 969 871 1024 (laxi.
891 972 933 1026 83.
951 969 1010 1023 Bas.
1027 973 1108 1038 Neap.
1125 971 1181 1024 Ital.
1199 973 1281 1028 Venn.

158 1055 201 1108 91.
220 1055 252 1108 93
271 1061 347 1122 atque
365 1073 451 1108 omnes
477 1056 551 1108 codd.
569 1057 705 1109 Arataenii.
736 1057 858 1108 Daumius
882 1058 971 1109 refert:
997 1057 1158 1110 ‘Pithoeanae
1180 1059 1282 1110 lectioni

158 1143 319 1193 consentiunt
339 1137 472 1207 Aseeirsii,
492 1141 595 1205 Branti,
614 1143 701 1197 Color.
726 1152 751 1196 et
768 1145 891 1210 Lipsiens.
919 1151 1014 1197 veteres
1033 1144 1176 1196 Ilditiones:
1195 1145 1280 1196 Laud-

158 1237 234 1295 atque
251 1228 285 1280 ita
302 1228 442 1282 Hieremias
463 1229 599 1282 Paduanus
623 1230 691 1282 Part.
710 1231 743 1282 lI.
768 1231 824 1285 Lib.
843 1233 868 1283 Π
892 1249 951 1300 cap.v
966 1233 1034 1284 VIII.
1071 1233 1171 1297 Accius,
1190 1241 1219 1284 ut
1236 1251 1281 1285 vo-

157 1315 224 1376 lunt,
242 1315 331 1367 llabnl.
349 1315 469 1380 XXXIX,
494 1319 525 1371 9:
554 1315 711 1381 Simplicitas
737 1317 806 1380 ueri,
824 1318 909 1382 fraus
936 1327 1020 1384 eatque
1043 1335 1177 1384 puerpera
1197 1319 1281 1386 solsi’.

158 1402 284 1469 Scaliger:
310 1402 358 1453 ‘Ita
383 1401 458 1453 editio
483 1401 628 1454 Pithoeana.
664 1403 788 1472 Vulgaros
811 1405 892 1457 male:
917 1405 1007 1472 Simpl.
1033 1407 1084 1458 ueri
1101 1421 1167 1456 cano
1184 1413 1229 1458 est.
1249 1435 1282 1446 -

157 1488 244 1541 Fame
261 1489 303 1540 hic
320 1497 359 1540 est
375 1487 526 1558 μαρτυρία,
544 1496 587 1540 aut
604 1498 786 1558 argumentum.
830 1492 1047 1555 Quemadmodum
1067 1492 1212 1559 simplicitas
1224 1511 1282 1544 uero

157 1576 301 1644 praecurrit,
321 1593 351 1628 ex
368 1575 455 1627 fraude
473 1576 618 1644 Hypocrita.
652 1574 761 1635 Ἀπλοῦς
779 1577 794 1628 ὁ
811 1577 900 1640 μῦθος
918 1580 968 1646 τῆς
985 1576 1116 1647 ἀληθείας
1134 1575 1192 1645 ἔφυ.
1227 1579 1282 1630 Elu-
1316 1643 1320 1650 Ι

157 1663 205 1730 rip.
224 1661 291 1728 quod
310 1661 384 1714 cessit
401 1661 427 1712 in
445 1661 620 1728 proverbium'.
655 1663 722 1713 Vera
740 1679 802 1714 sane
819 1663 882 1714 haec
902 1662 976 1714 lectio
996 1673 1047 1716 est:
1071 1663 1226 1740 Simplicitas
1244 1673 1283 1716 est

157 1749 223 1800 fama
241 1747 293 1800 veri
311 1747 327 1798 i.
346 1747 456 1800 veritatis
474 1765 496 1800 s.
513 1749 655 1800 veracitatis
662 1767 669 1809 ;
686 1749 771 1813 frum
794 1757 832 1800 est
856 1750 922 1800 sama
940 1749 1062 1816 loquendi
1080 1751 1145 1802 fieta.
1180 1749 1283 1802 Brevior

157 1842 204 1898 est,
222 1851 274 1885 non
290 1841 374 1885 tamen
400 1836 504 1885 obscura
530 1833 612 1887 dictio.
655 1835 714 1886 Noli
741 1835 882 1900 explicare:
912 1835 1067 1902 Simplicitas
1094 1854 1180 1904 verum
1207 1837 1282 1900 fatur,

157 1921 235 1984 fraus,
254 1920 312 1972 ficta
319 1937 327 1980 3
347 1919 421 1971 dolus
440 1927 479 1972 est
495 1919 565 1970 sandi
583 1919 654 1971 fictor
671 1929 700 1971 ut
717 1921 823 1988 Vlysses
843 1921 919 1989 Verg.
944 1923 976 1974 Α.
994 1921 1039 1984 ΙΧ,
1059 1925 1116 1978 602.
1153 1922 1282 1991 Coniunge

159 2007 246 2074 potius
257 2004 418 2072 semoveri,
445 2012 474 2056 ut
498 2005 566 2056 fama
583 2005 763 2060 inconstantiae
782 2007 832 2059 Cic.
851 2008 884 2059 ad
895 2009 951 2060 Dis.
969 2010 990 2070 Ι,
1009 2011 1032 2064 9.
1051 2009 1118 2060 fania
1135 2011 1282 2062 temeritatis

161 2095 213 2146 Cic.
231 2095 264 2146 ad
280 2094 350 2146 Brut.
371 2093 403 2147 18
421 2099 468 2144 etc.
504 2092 575 2142 Nihil
600 2109 659 2160 ergo
682 2093 837 2147 mutandum.
873 2093 1026 2146 Mutationes
1051 2102 1135 2146 autem
1153 2103 1213 2146 sunt
1229 2096 1280 2147 fre·

160 2189 275 2247 quentes.
310 2181 432 2232 Erasmus
456 2179 556 2246 agnovit
582 2195 655 2230 suna.
696 2179 801 2233 Scriver.
829 2180 907 2231 edidit
933 2196 1031 2230 norma.
1065 2179 1188 2231 Malscius
1207 2197 1281 2232 cxco-

158 2267 259 2335 9itauit:
279 2267 441 2336 Simplicitas,
459 2266 510 2318 reri
528 2282 619 2316 norma
638 2273 689 2328 est3
708 2267 766 2317 laus
783 2269 800 2318 f.
814 2266 831 2318 l.
849 2265 1003 2336 Arntcenius
1014 2265 1148 2317 lectionem
1163 2265 1282 2318 Codicum

157 2371 259 2406 servans
278 2362 363 2405 tamen
381 2353 516 2420 legendnm
540 2352 649 2419 putauit:
675 2351 832 2420 Simplicitas
857 2367 918 2403 uere
940 2360 979 2404 est
993 2351 1094 2416 sautia,
1118 2353 1187 2404 frans
1205 2355 1222 2404 s.
1241 2355 1281 2405 lo-

157 2442 266 2508 quentis,
285 2448 360 2507 atque
379 2441 474 2491 amicus
494 2438 595 2504 qnidam
614 2439 680 2490 eius:
707 2437 859 2504 Simplicitas
884 2456 941 2490 vera
959 2447 998 2490 est
1006 2437 1110 2503 santis,
1124 2438 1206 2502 frona
1224 2439 1283 2492 ficta

156 2527 291 2594 loquentis.
327 2527 408 2578 Fraus
425 2526 484 2577 ficta
501 2524 624 2591 loquentis
645 2542 711 2602 vera¹
728 2533 796 2576 esset
812 2525 902 2587 lectio,
926 2526 948 2576 si
965 2527 1041 2578 rerba
1064 2524 1119 2576 cern
1135 2528 1214 2592 fama
1231 2543 1281 2578 non
1364 2579 1366 2585 .

157 2613 301 2680 accipienda
317 2619 402 2664 essent
422 2615 499 2678 famu
525 2611 639 2662 ueritatis
667 2611 718 2663 sire
741 2611 903 2673 veracitatis,
931 2613 976 2663 sed
993 2614 1071 2679 furna
1093 2611 1148 2662 ueri
1165 2611 1280 2664 dominis.

157 2700 221 2752 conf.
240 2699 339 2751 Terent.
358 2697 436 2754 Andr.
456 2700 489 2762 ll,
508 2699 533 2759 5,
553 2701 597 2754 12:
625 2715 682 2749 sum
699 2714 775 2748 verua
793 2698 861 2750 Plin.
883 2698 914 2750 ll.
933 2699 978 2760 IX,
997 2700 1043 2754 25:
1071 2698 1112 2748 cir
1129 2699 1280 2750 uermsimus.

156 2785 217 2836 ibid.
235 2785 280 2846 IV,
299 2785 346 2839 22:
366 2802 415 2851 qno
433 2785 486 2838 uiro
504 2784 573 2836 uiuit
590 2784 683 2847 verius,
701 2783 764 2836 nihil
783 2785 930 2852 simplicius.
962 2785 1067 2837 Withof.
1085 2801 1110 2851 p.
1129 2785 1193 2842 553:
1213 2785 1280 2837 Sim-

156 2871 257 2939 plicitas
275 2870 326 2923 ucri
339 2871 427 2936 plana
445 2879 491 2932 est,
517 2871 672 2922 ‘naturaliter
689 2889 716 2923 se
734 2871 838 2932 habens,
862 2889 913 2923 non
932 2872 1054 2933 affectata,
1072 2871 1141 2922 frans
1160 2871 1281 2938 loquendi

156 2975 214 3009 vero
232 2957 298 3020 ficta,
318 2965 344 3010 et
361 2959 441 3008 instar
457 2957 542 3009 Protei
561 2958 587 3009 in
605 2957 685 3009 varias
703 2957 796 3010 formas
814 2958 959 3026 figurasque
978 2976 1005 3010 se
1026 2959 1189 3010 convertens'.
1216 2957 1280 3010 Bar-

157 3043 225 3096 thius
243 3044 318 3111 legit:
338 3043 491 3110 Simplicitas
510 3043 562 3096 veri
573 3046 664 3110 forma
682 3051 727 3096 est.
738 3045 817 3109 soma
827 3044 911 3108 froas
932 3051 968 3094 est
984 3053 1078 3112 transp.
1097 3045 1128 3096 F.

225 3133 249 3187 5.
278 3131 412 3182 Erasmus:
431 3129 528 3196 squam
540 3137 563 3180 et
576 3130 656 3180 otiose
672 3129 726 3180 vitu
743 3130 863 3198 fugienda
880 3137 925 3182 est.
955 3129 1020 3180 Nam
1039 3137 1122 3196 torpor
1135 3130 1211 3182 animi
1223 3148 1278 3182 cor-

157 3219 213 3284 pori
232 3234 333 3284 qnoque
350 3217 426 3268 situm
445 3223 472 3268 et
489 3216 637 3284 languorem
655 3217 764 3269 adducit.
796 3216 885 3268 Airimi
902 3215 1045 3267 exercitatio
1058 3217 1168 3282 corporis
1182 3235 1281 3284 quoqne

155 3304 295 3358 valetudini
313 3303 426 3358 confert'.
465 3302 605 3354 ‘Asininam
623 3303 796 3370 tautologiam'
814 3303 840 3354 in
857 3303 905 3354 hoe
923 3320 997 3354 versu
1019 3302 1147 3354 videntem
1165 3305 1280 3356 Boxhor-

156 3392 225 3442 nium
245 3391 280 3458 (p.
299 3391 364 3457 362)
382 3389 527 3456 inprobauit
544 3388 741 3455 Gannegieterus
759 3406 783 3456 p.
802 3390 866 3443 492:
886 3393 952 3438 ‘nam
971 3387 1103 3455 segnitiem
1121 3389 1281 3453 animiscit,

156 3477 282 3545 ignaviam
300 3478 366 3530 ritae
384 3476 425 3528 rel
444 3475 572 3542 corporis',
592 3481 672 3526 totum
691 3475 816 3526 distichon
836 3475 994 3540 suppositum
1012 3491 1128 3542 arguens.
1157 3475 1282 3527 Audiatur

156 3565 294 3616 Withofins
311 3581 338 3631 p.
355 3564 420 3622 553:
448 3563 561 3628 ‘Ineptus
580 3561 686 3612 circulus
704 3558 748 3610 καὶ
766 3558 806 3618 δὶς
824 3561 926 3623 ταῦτα,
940 3559 1031 3625 sapito
1048 3560 1178 3626 segnitiem
1184 3599 1192 3623 ,
1216 3579 1282 3626 quse

156 3658 192 3701 ast
209 3649 314 3715 iyneuc'a
343 3657 367 3701 et
393 3649 451 3701 talis
475 3666 532 3701 esse
552 3649 637 3700 fertur.
675 3647 807 3700 Asininam
834 3647 997 3714 tautologiam
1025 3654 1096 3698 vocat
1122 3644 1281 3700 Borbornius

156 3736 262 3797 merium
286 3737 331 3788 sed
349 3735 473 3788 immerito
495 3737 589 3803 optimo
607 3736 713 3788 Auctori
736 3735 834 3801 culpam
857 3735 967 3786 tribuere
990 3751 1040 3786 non
1067 3733 1170 3784 dubitat.
1206 3735 1281 3788 noue

156 3823 248 3889 aliquis
266 3824 372 3889 probare
390 3830 485 3888 posset,
504 3823 525 3874 si
542 3823 598 3874 loco
611 3823 678 3875 uocis
691 3821 796 3889 iprrooia
807 3829 941 3888 poneretur
957 3819 1076 3888 infamio.
1108 3819 1161 3872 Sed
1172 3837 1281 3887 sequens

156 3909 294 3962 versiculus
312 3910 433 3976 incipieus
457 3927 519 3961 uoce
538 3907 608 3960 Nam
626 3909 735 3963 ostendit
752 3909 794 3959 hic
811 3923 900 3959 vocem
917 3907 1024 3974 positam
1044 3905 1138 3968 fnisse,
1165 3924 1214 3973 qua
1231 3907 1280 3958 ali·

157 3995 219 4062 quid
248 3994 396 4058 damnosum
423 3995 591 4062 significatum
611 3997 651 4047 sit.
688 3995 748 4046 Sine
767 3995 931 4046 controversia
951 3994 987 4046 sic
1005 3993 1078 4044 unice
1096 3994 1280 4046 emendandum

156 4087 207 4132 est:
234 4097 299 4146 quae
322 4081 387 4132 vitae
410 4081 490 4132 nocio
513 4085 599 4133 fertur.
633 4083 686 4134 Iam
710 4082 867 4134 ratiocinium
889 4088 975 4148 aptum
994 4080 1138 4146 iustumque
1156 4080 1212 4131 est’.
1228 4116 1231 4120 -
1248 4081 1281 4132 Et

155 4167 279 4219 Daumius
297 4167 429 4234 segnitiem
446 4185 480 4218 sc.
499 4169 576 4219 animi
594 4170 704 4236 exponit.
736 4169 778 4221 Sic
797 4168 902 4232 Quintil.
920 4167 966 4229 XI,
984 4167 1009 4228 3,
1029 4167 1062 4222 52
1081 4166 1154 4218 dicit:
1173 4165 1281 4233 aequitio

156 4253 229 4304 solvit
247 4251 370 4314 animum,
388 4260 414 4304 et
431 4253 500 4306 Seru.
519 4255 552 4306 ad
564 4255 639 4323 Verg.
658 4256 691 4309 A.
703 4258 723 4319 1,
741 4257 806 4311 423:
827 4255 880 4306 Alii
897 4253 1016 4304 ardentes
1027 4251 1169 4319 inspeciosus
1181 4252 1279 4314 dicunt3

156 4356 214 4390 nam
232 4356 278 4406 per
295 4340 445 4391 contrarium
463 4357 564 4408 ecquem
581 4343 597 4393 i.
615 4341 670 4392 sine
682 4341 745 4410 iqui,
765 4349 891 4392 carentem
902 4337 1003 4406 inpendo
1017 4338 1130 4390 dicimus.
1146 4364 1174 4377 ·-
1188 4337 1279 4406 Segni-

157 4425 219 4476 ciem
239 4423 262 4474 V
281 4423 364 4475 Turio.
383 4425 438 4474 vita
456 4425 506 4492 ign.
526 4426 610 4480 Turio.
631 4441 678 4492 que
687 4425 781 4490 fertur
797 4425 901 4492 iprcouia
918 4423 967 4476 uite
984 4425 1025 4476 Pr.
