3170 5090
310 421 344 476 42
691 420 785 475 CATO
802 421 1054 476 Pflmoeornvs.

345 577 393 639 19.
428 575 516 641 Inter
537 576 682 642 convivas
703 574 753 642 iac
775 576 818 642 sis
840 595 983 644 sermone
1005 579 1175 654 modestus,

405 676 477 743 ·Ne
500 677 605 744 dicare
626 677 749 761 loquax,
772 680 847 754 dum
869 679 917 745 vis
938 680 1078 747 urbanus
1100 680 1219 747 haberi.

343 787 393 847 20.
426 781 576 864 Coniugis
597 783 698 850 iratae
720 783 784 850 noli
805 788 841 850 tu
862 783 960 850 verba
981 784 1109 866 timore3

427 886 509 951 Nam
529 885 666 953 lacrimis
689 887 785 952 struit
805 887 945 969 insidias,
968 903 1039 953 cum
1061 886 1177 954 lomina
1197 887 1310 968 plorat

311 1041 358 1092 mis
377 1040 481 1108 quidem
499 1039 558 1092 viris
575 1048 601 1093 et
617 1041 673 1107 ipsc
690 1039 743 1093 Jos.
756 1039 893 1108 scaligero.
922 1041 1079 1110 Ambiguitas
1092 1041 1159 1094 enim
1177 1049 1217 1094 est
1233 1041 1259 1092 in
1277 1041 1354 1093 altero
1372 1051 1437 1107 per-

310 1127 401 1193 tepere,
419 1126 487 1193 quod
504 1125 601 1177 curtim
618 1125 756 1194 significat,
774 1135 798 1177 ct
814 1126 919 1179 minime
935 1127 1047 1180 cedmae
1064 1135 1110 1180 out
1127 1127 1252 1180 laboriose
1269 1142 1436 1194 percurrere.

309 1213 393 1264 Multa
411 1214 483 1280 lege:
502 1228 559 1264 cum
571 1212 650 1264 mulla
662 1213 814 1280 perlegeris3
834 1213 942 1280 plurima
964 1214 1077 1283 perlege,
1093 1223 1190 1268 mutum
1201 1223 1231 1268 ut
1242 1215 1322 1268 obiter
1338 1231 1437 1281 cogno-

310 1316 376 1361 scas,
393 1315 444 1350 non
462 1299 533 1349 utin
552 1298 583 1349 iis
595 1299 699 1350 haereas
711 1307 758 1352 etc.
788 1299 912 1352 Fortassis
931 1315 976 1367 pro
993 1301 1095 1368 perteue
1112 1301 1248 1370 legendum
1266 1309 1305 1354 est
1321 1300 1436 1368 perlitus,

229 1419 232 1425 ,
310 1387 359 1438 hoc
375 1393 422 1448 eat,
442 1383 499 1436 dele
516 1392 543 1436 et
559 1384 674 1452 corrige.
698 1385 749 1437 vid,
772 1403 855 1452 supra.
890 1385 970 1437 Vetus
994 1385 1148 1439 scholiastes
1174 1388 1210 1439 ait
1232 1388 1258 1438 in
1281 1387 1436 1454 quibusdam

309 1473 381 1524 libris
397 1471 497 1523 haberi:
515 1470 634 1538 perlectis
650 1471 747 1538 aeplipe
764 1471 850 1524 multa
869 1472 886 1523 i.
922 1471 1021 1539 Sperne
1043 1472 1077 1525 de
1099 1473 1139 1526 his
1157 1475 1239 1526 multa
1256 1491 1322 1542 qnae
1340 1473 1436 1542 legun·

310 1568 357 1610 tor.
392 1555 509 1610 Boetius:
533 1555 679 1608 Sanamem
700 1561 856 1608 cocanicus
876 1573 977 1624 pruna,
1000 1557 1114 1626 perlecto
1136 1557 1234 1627 prm‘ice
1250 1559 1317 1612 ιίσιιι
1330 1559 1439 1625 paleas.

311 1643 373 1696 Noa
390 1643 464 1706 mim,
483 1657 549 1707 quoe
566 1641 594 1692 iu
611 1641 683 1694 lebria
700 1643 872 1706 contincatur,
890 1643 977 1694 omnio
993 1651 1055 1694 aaut
1075 1645 1213 1699 credendo.
1242 1643 1437 1698 sarisberiensis

311 1731 404 1783 Polior.
417 1729 474 1792 vll,
487 1730 511 1784 9.
529 1743 554 1795 p.
572 1729 641 1784 373:
658 1730 702 1782 Ait
718 1730 759 1782 rel
772 1731 833 1782 (lato
851 1729 891 1783 rel
905 1729 980 1792 alius,
998 1747 1056 1782 nam
1068 1737 1142 1784 autor
1154 1733 1262 1784 incertus
1276 1741 1328 1785 est:
1346 1729 1439 1783 Multa

311 1820 380 1884 lepos
388 1816 485 1882 facito,
502 1815 620 1884 perlectis
642 1818 744 1884 perteyc
766 1818 857 1868 multa.
893 1817 949 1881 Quo
967 1817 1070 1885 quidem
1091 1819 1188 1885 aliquid
1211 1835 1268 1870 esse
1290 1817 1379 1870 utilius
1404 1819 1438 1870 ad

311 1906 441 1957 scientiam
459 1903 579 1969 aspiranti
601 1903 675 1956 facile
692 1921 742 1956 non
760 1905 921 1966 reddiderim,
939 1914 1038 1971 praeter
1055 1905 1238 1957 observantiam
1256 1906 1435 1958 mandatorum

310 1991 368 2052 Dei,
387 1991 413 2041 ln
431 2005 482 2056 qua
499 1988 633 2056 singularis
660 1997 685 2040 et
711 1990 799 2041 unicus
816 1990 985 2041 indubitanter
1011 1999 1051 2042 est
1076 1991 1273 2058 philosophandi
1299 1992 1437 2059 proiectus.

311 2078 356 2132 stc
373 2087 457 2129 taruco
475 2077 561 2128 mnata
578 2077 686 2143 dependo
702 2085 776 2142 aaut,
799 2086 828 2128 ut
851 2094 938 2129 eorum
956 2079 1046 2142 atiquo
1064 2095 1121 2130 cum
1138 2078 1202 2130 lecta
1218 2077 1325 2141 luerint,
1351 2079 1437 2146 negli-

311 2173 409 2234 gantur,
427 2162 592 2230 reprobentnr
608 2164 744 2226 nonnulla,
770 2165 855 2231 aliqua
878 2165 1010 2217 videantur
1035 2165 1061 2216 iu
1079 2167 1200 2227 transitu,
1217 2173 1246 2216 ut
1263 2163 1314 2217 siut
1332 2166 1438 2217 omnino

312 2253 438 2318 incognita
455 2249 511 2302 etc'.
547 2249 618 2300 Haec
635 2251 710 2302 lectio
728 2268 759 2302 ex
776 2259 825 2303 ret.
844 2251 930 2303 Schol.
947 2252 1027 2318 petita
1044 2251 1142 2303 hansiit
1159 2253 1186 2303 in
1203 2253 1262 2304 edd.
1274 2251 1395 2304 Scriverii
1412 2259 1439 2303 et

312 2337 448 2391 Arntaenii.
467 2338 548 2403 acteye
566 2335 645 2388 edidit
661 2335 798 2388 Ascensius
817 2337 833 2386 i.
851 2353 963 2405 segrega,
986 2338 1071 2404 rejice,
1092 2337 1201 2406 neglige,
1220 2355 1335 2390 seorsum
1352 2339 1437 2406 lege’3

314 2424 378 2490 elipe
396 2423 530 2490 aliquando
549 2423 660 2476 malebat
677 2423 808 2485 Barthius,
826 2422 933 2475 Daumio
953 2431 1027 2486 teste,
1045 2432 1071 2475 et
1087 2423 1190 2476 Withof.
1208 2443 1234 2492 p.
1252 2425 1302 2480 559
1321 2441 1372 2476 nun
1393 2441 1436 2476 ac-
1504 2483 1506 2488 ,
1561 2489 1562 2515 Χ

314 2511 411 2577 quievit
428 2511 454 2561 in
472 2509 582 2562 lectione
600 2519 639 2561 ier
655 2510 708 2577 depe
725 2510 771 2562 aed
789 2508 933 2564 ‘Auctorem
945 2509 981 2561 sic
992 2511 1066 2562 unice
1078 2510 1209 2578 scripsisse
1221 2511 1308 2564 nullus
1321 2511 1437 2564 dubitat:

464 2596 547 2648 Multa
565 2596 635 2664 legas
652 2597 741 2649 facito:
760 2605 799 2647 ter
824 2595 894 2648 Vota
911 2597 1015 2664 perlege
1035 2597 1129 2660 multa3

465 2681 530 2733 Nam
548 2683 662 2734 miranda
680 2691 780 2745 emunt,
799 2683 844 2734 sed
861 2700 913 2734 uon
930 2682 1045 2735 ridendo
1062 2692 1159 2752 poetae.
1178 2712 1211 2722 -

380 2785 506 2852 Praecipit
522 2783 607 2853 itaque
623 2785 725 2849 Auctor,
744 2785 825 2837 mulla
842 2803 899 2838 esse
916 2785 1034 2853 legenda,
1051 2795 1140 2854 poetae
1157 2804 1215 2839 rere
1232 2793 1276 2838 aut
1296 2784 1366 2836 Votis
1382 2785 1434 2838 ali-

313 2871 384 2923 cuius
402 2873 495 2938 scripta
513 2871 592 2922 multa
610 2887 666 2924 esse
683 2871 724 2924 vel
739 2879 778 2923 ter
788 2871 946 2938 perlepeaois
957 2873 990 2922 oh
1002 2872 1125 2924 occultam
1139 2873 1298 2940 sapientiam,
1316 2879 1343 2924 et
1355 2873 1438 2924 multa

212 2977 217 2987 ·
312 2957 445 3019 mirabilia,
463 2975 528 3024 quae
545 2956 648 3008 minime
671 2967 700 3008 at
723 2957 813 3025 lepido
828 2957 957 3024 fipmcnta'
971 2958 1021 3009 siut
1038 2958 1169 3011 ridendo’.
1205 2959 1307 3011 Amicus
1326 2966 1436 3026 tempta-

312 3043 360 3095 rit:
379 3041 484 3111 perlecti
500 3042 578 3110 selige
595 3043 684 3110 plora.
721 3041 845 3094 Similiter
862 3043 963 3110 quidem
982 3043 1176 3112 Gannegieterus
1194 3062 1248 3112 cap.
1266 3045 1312 3096 111.
1330 3063 1356 3112 p.
1369 3044 1436 3100 375:

312 3129 419 3196 perlecti
434 3128 532 3196 aeplipe
549 3129 639 3182 matta
673 3127 744 3182 Conl.
768 3130 800 3181 de
818 3130 866 3181 hoc
885 3146 958 3181 remu
981 3129 1097 3182 Eundem
1121 3147 1175 3202 cap.
1195 3127 1239 3182 IX.
1257 3149 1282 3199 p.
1301 3131 1361 3186 407.
1379 3147 1436 3182 cre-

313 3216 396 3267 dendo
413 3215 485 3269 Laid.
504 3216 536 3269 11.

382 3304 423 3357 19.
441 3302 494 3367 suc
511 3301 547 3352 sis
564 3309 593 3354 ut
609 3303 630 3364 1,
650 3303 696 3356 16:
715 3300 772 3352 Fac
790 3301 837 3352 tibi
853 3309 1016 3354 succurrant.
1045 3299 1120 3353 Inter
1138 3301 1255 3353 convivus
1272 3301 1436 3368 (contorsisse

314 3387 384 3439 Leid.
403 3387 449 3453 11.)
460 3385 541 3454 salsis
558 3387 618 3440 Vet.
637 3388 701 3456 Reg.
726 3387 795 3440 haid.
812 3388 845 3439 Π.
879 3385 1011 3439 Modestus
1033 3403 1114 3438 ammo
1137 3388 1190 3440 sive
1211 3389 1327 3441 modesta
1349 3387 1438 3456 lingua

313 3474 399 3538 (Orid.
416 3473 449 3524 Η.
467 3472 538 3535 xlx,
557 3473 600 3540 63)
622 3473 665 3525 hic
688 3474 752 3525 inter
776 3474 953 3540 loquacitatem
975 3481 1001 3526 et
1023 3475 1190 3526 urbanitatem
1212 3477 1323 3542 ponitur.
1354 3473 1436 3526 Pudet

313 3563 379 3614 iacta
395 3560 487 3612 referre
505 3560 646 3624 inhonesta,
665 3577 730 3626 quae
747 3560 874 3612 reticenda
886 3567 952 3623 sunt,
971 3560 1014 3612 ‘ita
1031 3560 1068 3612 uti
1085 3560 1184 3612 liberali
1200 3577 1257 3612 esse
1269 3559 1370 3628 ingenio
1388 3561 1435 3610 de-

313 3647 371 3709 cet’,
388 3654 453 3697 teste
471 3645 590 3698 Terentio
607 3646 699 3713 Hecyr.
718 3646 738 3710 I,
757 3647 781 3707 2,
801 3647 843 3707 90,
869 3654 895 3697 et
918 3645 1023 3697 modicis
1042 3647 1199 3697 sermonibus
1218 3653 1293 3698 utens
1310 3662 1360 3698 uon
1378 3644 1434 3712 glo-

313 3734 390 3785 riatur
407 3732 472 3799 (niv.
490 3731 573 3793 XXII,
593 3733 639 3786 27:
659 3731 783 3783 inmodice
796 3732 985 3798 inmodesteque
996 3731 1118 3799 gloriari).
1144 3733 1184 3784 De
1194 3733 1334 3785 urbanitate
1345 3733 1435 3783 audis-

314 3837 370 3870 mus
389 3817 570 3880 Quintilianum
588 3817 632 3879 VI,
650 3818 680 3872 3:
705 3817 850 3870 ‘Vrbanitas
874 3817 978 3885 dicitur,
1004 3835 1054 3885 qua
1078 3819 1181 3885 quidem
1204 3818 1340 3886 signifiari
1362 3818 1436 3870 rideo

313 3921 455 3958 sermonem
472 3920 532 3971 pras
551 3920 578 3954 se
595 3903 716 3954 serentem
740 3903 766 3954 in
785 3903 866 3956 verbis
890 3911 916 3956 et
938 3921 1000 3956 sono
1027 3913 1053 3955 et
1079 3919 1138 3956 usu·
1153 3905 1283 3972 proprium
1311 3903 1435 3970 quendam

313 3998 415 4060 gustum
432 3991 511 4052 urbis,
529 3997 555 4040 et
572 3996 696 4056 sumptam
721 4006 752 4040 ex
777 3990 964 4042 conversatione
987 3990 1117 4041 doctorum
1141 3990 1240 4042 tacitam
1262 3989 1435 4048 eruditionem,

314 4076 423 4142 denique
439 4075 562 4128 contraria
580 4077 612 4126 sit
623 4074 772 4127 rusticitas’.
801 4075 894 4127 Porro:
914 4075 1049 4128 Vrbanitas
1061 4083 1109 4138 est,
1128 4075 1217 4141 inqua
1227 4075 1292 4128 nihil
1304 4077 1434 4136 absonum,

314 4163 377 4214 nihil
394 4171 501 4229 agreste,
519 4161 582 4212 nihil
600 4161 761 4229 peregrinum
778 4178 862 4228 neque
879 4178 956 4213 sensu
973 4177 1056 4228 neque
1074 4161 1157 4216 verbis
1175 4177 1258 4228 neque
1275 4178 1318 4213 ore
1335 4169 1435 4229 gestare

314 4247 394 4316 possit
410 4248 576 4315 reprehendi'.
1184 4303 1190 4313 1

383 4335 424 4390 90.
451 4333 530 4386 nolito
554 4335 675 4386 Erasmus
701 4341 727 4384 et
753 4332 837 4386 Tuam.
863 4332 968 4384 Oboust.
993 4331 1067 4386 Gord.
1095 4332 1168 4385 Orac.
1189 4332 1272 4384 Palm·
1291 4332 1328 4399 (in
1346 4330 1435 4399 marg.)

315 4421 379 4473 Nam
397 4421 456 4473 laer.
475 4419 579 4472 iustruit
596 4419 671 4472 incid.
689 4418 758 4472 haid.
778 4419 810 4471 ΙΙ,
838 4415 904 4470 Nam
922 4417 1060 4485 lachrymis
1078 4416 1182 4470 iustruit
1194 4416 1219 4468 X
1236 4417 1301 4472 Vsu.
1312 4419 1353 4474 91.
1371 4415 1434 4470 Nam
