3126 5098
310 409 356 514 ni
764 452 968 506 futurarm.

395 604 500 670 Codex
522 610 572 671 est
594 607 861 690 Anglosaxonicus
884 627 904 673 a
926 609 1029 676 scriba
1058 610 1135 676 satis
1164 613 1335 678 exercitato
1357 631 1431 678 exa-

309 714 407 792 ratus,
430 708 545 791 peioris
567 713 672 777 tamen
688 716 782 778 notae
797 697 1031 778 existimandus.
1064 711 1179 780 Scribit
1199 704 1272 782 mie
1285 743 1326 770 =
1339 715 1434 780 caris·

280 813 396 878 ·sime.
428 811 618 879 h=autem
651 813 807 881 locuntur.
846 815 1018 898 intellegas,
1053 817 1236 899 intelligere.
1272 817 1433 902 neglegas,

310 933 466 996 conponas
488 920 547 982 etc.

156 1039 286 1082 cauma.
395 1019 473 1102 (10).
507 1017 583 1086 Cod.
613 1019 878 1104 Cantabrigiensis
907 1021 942 1087 Ο.
961 1026 989 1088 3.
1022 1027 1070 1088 57.
1100 1041 1181 1090 saec.
1204 1024 1276 1105 XII,
1308 1022 1434 1089 3ioliis

197 1109 248 1149 ¹¹¹·
309 1123 486 1199 membran,
515 1129 677 1202 constans,
707 1124 831 1192 scholiis
865 1145 983 1193 carens.
1039 1127 1239 1194 Inseribitur:
1273 1125 1435 1192 INCIPIT

308 1227 438 1292 LIBER
469 1225 657 1294 CATONIS.
688 1265 728 1275 -
757 1229 887 1294 LIBER
918 1229 1076 1296 PRIMVS
1098 1264 1140 1278 -
1166 1229 1296 1296 LIBER
1325 1231 1367 1296 ΙΙ.
1389 1265 1433 1278 -

308 1331 437 1397 LIBER
451 1331 509 1396 III.
525 1367 566 1376 -
582 1330 714 1480 LIBER
725 1331 807 1416 IIII;
829 1333 862 1398 in
883 1331 960 1399 fine:
983 1333 1182 1400 EXPLICIT
1196 1333 1272 1400 IIII.
1301 1331 1435 1398 LIBER

395 1538 466 1606 Jam
490 1538 529 1604 de
551 1538 723 1606 minoribus
746 1544 866 1622 septem
894 1540 956 1606 illis
978 1539 1129 1606 Parisinis
1151 1539 1309 1606 codicibus
1330 1557 1433 1622 pauca

308 1642 405 1708 verba
426 1639 530 1708 facere
549 1642 637 1708 libet.

152 1769 300 1812 pausae.
396 1745 475 1828 (11.)
508 1744 584 1811 Cod.
608 1745 638 1810 Κ
660 1749 744 1811 8286
773 1744 909 1812 colbert.
940 1751 1002 1812 vet.
1025 1765 1110 1812 num.
1135 1750 1218 1811 5255
1238 1747 1434 1814 membrana·

197 1837 247 1878 ¹¹¹·
310 1867 384 1915 ceus
405 1846 487 1914 foliis
509 1848 671 1930 quaternis
687 1854 719 1914 et
733 1848 814 1914 binis
834 1849 967 1932 paginae
981 1849 1204 1931 partitIonibus
1219 1850 1344 1916 saeculo
1359 1850 1431 1918 XII.
1456 1895 1458 1900 .

310 1957 466 2018 exaratus.
504 1950 599 2019 Liber
621 1956 689 2018 crat
711 1951 797 2016 Petri
819 1951 941 2018 Pithoei
949 1951 983 2036 ⁵),
1005 1953 1058 2034 qui
1081 1971 1193 2026 nomen
1217 1972 1309 2019 sunm
1323 1953 1431 2021 Persio

308 2077 511 2086 —u--s--n--n

233 2139 294 2180 Phth.
378 2126 400 2192 ³)
415 2128 446 2178 In
470 2125 536 2178 Bibl.
560 2122 634 2185 Bodl,
659 2124 738 2175 Oxon.
764 2123 1009 2176 adservatur'editio
1033 2123 1134 2176 Catonis
1165 2124 1284 2192 (Josephi
1307 2124 1431 2193 scaligeri

309 2230 368 2281 opp.
387 2213 447 2278 div.)
481 2212 562 2263 Paris.
590 2201 740 2266 1605'cum
767 2210 834 2260 notis
860 2209 936 2261 MSS.
966 2213 1036 2262 Petri
1061 2210 1170 2263 Pitheci.
1205 2211 1235 2262 In
1261 2209 1324 2262 lolio
1350 2212 1431 2278 primo

191 2316 193 2322 ’
307 2303 429 2367 scriptum
447 2307 486 2350 est
503 2297 590 2348 Pistre
607 2295 700 2347 Pithon
720 2297 795 2358 1607,
813 2296 838 2346 in
856 2295 916 2347 folio
934 2296 1014 2347 tituli:
1037 2295 1431 2349 basanbrunnum
1471 2331 1476 2342 .

307 2387 385 2440 altero
403 2387 490 2438 titulo:
515 2383 616 2436 Catonis
639 2383 741 2434 maioris
765 2383 861 2436 dictum
882 2383 950 2450 apud
974 2383 1044 2435 sub.
1069 2385 1100 2436 de
1123 2385 1161 2436 ira
1183 2383 1230 2435 τὸν
1256 2381 1429 2451 ὀργιζόμενον

306 2471 423 2535 &nouiter
441 2473 490 2524 τοῦ
506 2468 668 2534 μαινομένου
683 2469 777 2540 χρόνῳ
788 2468 937 2539 διαφέρειν·
966 2473 996 2523 In
1014 2472 1086 2524 calce
1102 2470 1203 2524 Catonis
1222 2471 1286 2522 haec
1298 2471 1429 2539 leguntur:

306 2559 419 2610 Collatus
442 2576 498 2610 cum
521 2557 577 2609 MS.
595 2557 765 2609 Puteanorum
782 2556 886 2610 fratrum
904 2574 919 2607 a
936 2556 990 2608 Jao.
1007 2557 1120 2608 Puteano
1138 2566 1163 2609 at
1180 2555 1210 2608 P.
1228 2556 1343 2608 Pithoso.
1378 2556 1429 2608 Lu·

305 2653 347 2696 tet
369 2647 443 2700 1612.
479 2644 601 2696 Pithoeus
619 2643 777 2694 collationem
801 2659 834 2694 ne
854 2659 905 2693 uno
930 2643 1032 2709 quidem
1054 2644 1129 2693 verbo
1154 2642 1234 2705 auxit,
1258 2641 1323 2694 notis
1347 2649 1430 2694 antem

305 2747 386 2797 pauca
403 2731 537 2796 adspersit.
574 2728 741 2779 collationem
759 2727 855 2795 signavi
872 2727 984 2789 „Pith.“‚
1002 2735 1076 2779 notae
1093 2735 1177 2779 autem
1195 2735 1254 2778 sunt
1270 2727 1331 2779 hae:
1350 2746 1376 2796 p.
1396 2730 1427 2782 41

305 2816 378 2867 adv.
400 2816 430 2870 18
448 2823 473 2866 et
493 2816 539 2870 19:
559 2813 646 2866 Cniac.
665 2813 697 2864 ad
714 2814 734 2866 L
752 2813 777 2868 8.
795 2812 826 2864 D.
846 2813 878 2864 de
896 2813 954 2866 inst.
973 2821 999 2864 et
1015 2815 1077 2866 iure.
1094 2831 1120 2881 p.
1133 2799 1170 2868 42¹
1185 2813 1211 2864 in
1229 2832 1286 2882 sup.
1304 2815 1428 2882 margine:

305 2903 413 2952 Vinctus
432 2901 457 2951 in
475 2901 572 2952 Auson.
592 2899 652 2954 edit.
670 2899 714 2950 VI.
733 2899 853 2950 Pithoeus
872 2898 905 2950 ad
924 2899 1044 2950 Catonern
1062 2917 1087 2967 p.
1107 2902 1148 2955 49.
1178 2900 1307 2953 Puteanus
1325 2902 1431 2957 correxit

305 2984 611 3042 clamoremanus.
647 2986 667 3039 Ι,
684 2985 814 3038 Puteanus
835 2984 962 3037 adnotavit
984 2984 1016 3035 ad
1038 2985 1112 3038 Publ.
1140 2985 1197 3054 Syr.
1224 3005 1248 3054 p.
1272 2987 1329 3042 118.
1350 3004 1428 3054 qusn-

306 3084 359 3126 tnm
377 3073 403 3124 in
419 3074 493 3128 aleas
508 3081 561 3125 arte
579 3081 630 3125 sat:
657 3081 750 3139 quanto
767 3073 793 3122 in
814 3079 868 3124 arte
885 3079 925 3124 est
940 3072 1039 3126 melior.
1074 3072 1157 3124 Faber
1179 3091 1204 3141 p.
1225 3075 1274 3128 129
1298 3073 1324 3124 in
1343 3072 1428 3134 Βτινμ.

310 3159 425 3228 ἐμμετρ·
444 3177 555 3229 παροιμ.
573 3178 595 3212 v.
616 3163 646 3215 ll
667 3155 741 3210 ὥστυ
759 3175 805 3226 pro
823 3154 899 3210 ὥστι.
917 3176 942 3226 p.
962 3159 1011 3214 137
1028 3177 1051 3211 v.
1070 3161 1116 3214 10:
1137 3156 1162 3208 sl
1178 3175 1224 3226 pro
1242 3155 1272 3209 εἴ
1285 3166 1312 3211 et
1328 3156 1429 3226 ἰδοίμην

310 3265 355 3314 pro
372 3246 444 3298 aaut.
477 3247 547 3298 Haec
564 3253 625 3298 sunt
641 3245 733 3298 omnia.
757 3293 762 3307 ,

373 3334 413 3385 Ab
431 3333 520 3385 eodem
544 3333 597 3384 Iac.
615 3333 729 3384 Puteano
753 3330 861 3398 scriptae
884 3329 1011 3382 videntur:
1039 3329 1288 3382 deracionatum
1309 3327 1429 3382 Codicum

305 3421 331 3472 in
349 3417 487 3488 ed.'Lngd.
504 3421 589 3472 Batav.
609 3419 675 3475 1626
692 3417 719 3469 in
736 3419 825 3469 eadem
842 3415 908 3468 Bibl.
926 3415 1000 3468 Bodl.
1019 3416 1100 3470 Oxou.
1123 3418 1277 3470 adservatae.
1312 3415 1354 3470 De
1372 3416 1427 3484 qui-

305 3506 352 3558 bas
371 3507 397 3559 in
415 3507 553 3575 praemisso
571 3507 632 3559 folio
651 3505 709 3558 albo
727 3506 753 3558 b.
771 3506 834 3556 haec
850 3511 910 3556 sunt
926 3511 1025 3558 notata:

578 3594 610 3648 V.
630 3593 709 3644 Vetus
728 3592 873 3644 chartaceus
890 3590 1011 3642 Brblioth.
1030 3590 1111 3658 Lugd.

578 3679 613 3730 Μ.
632 3678 842 3731 Membranaceus
860 3677 1008 3730 Vossianus.

578 3767 611 3818 R.
630 3765 785 3818 Veterrimus
803 3764 906 3832 Regius.

375 3851 413 3902 Ex
429 3851 492 3905 Cod.
506 3851 529 3903 V
541 3853 568 3902 in
585 3850 646 3903 folio
664 3851 745 3919 primo
762 3851 820 3904 albo
838 3851 900 3902 haec
916 3858 1002 3902 notata
1012 3849 1143 3918 leguntur:
1163 3846 1273 3916 implicit
1289 3846 1333 3899 hic
1350 3845 1426 3898 Catho

309 3939 371 3990 dans
388 3938 550 4006 castigamina
568 3946 633 3995 nato.

609 4025 703 4076 Decem
720 4029 854 4093 praecepta
874 4022 969 4090 legum.

526 4112 610 4167 Unum
627 4112 701 4163 crede
720 4111 802 4162 deum.
820 4125 868 4162 neo
883 4108 957 4159 iures·
967 4123 1031 4158 vana
1048 4122 1094 4173 per
1110 4105 1207 4172 ipsum:

526 4198 640 4250 Sabbata
657 4196 808 4262 sanctifices,
827 4194 921 4245 habeas
939 4193 965 4243 in
982 4192 1077 4244 honore
1094 4198 1219 4258 parentes.

512 4283 582 4336 'Non
600 4283 635 4335 sis
652 4282 751 4344 occisor,
769 4281 815 4342 fur,
834 4277 964 4341 moechus,
982 4278 1053 4329 tastis
1072 4277 1173 4344 iniquus

527 4368 642 4422 Alterius
659 4366 756 4419 violans
773 4361 820 4416 ns'c
836 4379 889 4415 reru
906 4363 993 4432 cupias
1010 4363 1126 4416 alienam.

612 4453 717 4524 Septem
737 4458 840 4525 peccata
857 4450 974 4506 mortalia
989 4457 1036 4506 etc
1053 4457 1100 4506 etc
